1936 3138
186 135 284 185 106

830 146 932 189 PH
931 146 1111 189 ORMJ
1109 146 1148 189 O
1155 179 1165 191 .

476 279 571 320 Ver.
600 287 679 331 479
707 286 749 320 et
778 281 857 331 480
887 279 1083 319 trochaici
1114 279 1311 319 octonarii

523 375 551 394 29

522 437 549 458 θ’

520 501 548 523 n

520 565 548 586 θ’

523 630 550 651 υ

522 691 547 712 25

526 757 553 777 n

521 820 547 841 n

523 885 551 905 Ι,

523 951 551 970 '2

523 1014 551 1034 θ)

526 1079 555 1100 25

524 1143 553 1164 22

526 1209 551 1229 25

526 1274 551 1294 υ

526 1338 554 1358 25

527 1403 552 1423 2⁷

526 1468 553 1487 ,8

529 1533 557 1553 22

530 1597 556 1617 25

529 1662 557 1682 2²

531 1727 558 1747 θ’

529 1791 555 1811 22

531 1854 555 1876 19

531 1920 557 1940 9,

529 1984 555 2004 η

533 2049 558 2068 '9

528 2113 557 2133 9,

605 346 680 395 481
713 345 766 383 ad
794 346 876 395 484
902 344 1097 385 trochaici
1126 343 1343 396 septenarii

605 409 682 459 485
714 408 896 448 clausula

603 472 683 523 486
711 475 909 513 iambicus
938 474 1168 513 octonarius

604 538 683 588 487
713 538 765 576 ad
792 538 872 589 489
900 537 1096 577 trochaici
1126 535 1341 590 septenarii

605 613 686 652 490
714 601 913 640 iambicus
941 603 1119 641 senarius

604 674 679 714 491
712 663 913 702 iambicus
943 663 1191 714 septenarius

608 737 686 778 492
716 727 914 766 iambicus
943 727 1174 766 octonarius

603 803 681 843 493
711 791 764 830 ad
794 803 867 842 501
899 790 1094 830 trochaici
1123 789 1337 842 septenarii

609 867 684 906 502
715 863 754 896 et
786 867 861 906 503
892 855 1056 894 iambici
1085 854 1282 894 octonarii

610 932 689 971 504
717 920 770 959 ad
800 919 878 970 566
907 919 1101 959 trochaici
1129 918 1343 971 septenarii

609 984 685 1036 567
714 984 767 1024 ad
797 992 872 1035 712
903 983 1068 1023 iambici
1095 983 1237 1022 senarii

612 1058 688 1101 713
717 1049 769 1088 ad
801 1057 876 1100 727
906 1048 1073 1087 iambici
1102 1047 1296 1087 octonarii

612 1115 704 1165 728,
737 1121 828 1164 730,
860 1121 932 1164 731
965 1112 1159 1152 trochaici
1189 1111 1384 1151 octonarii

610 1188 687 1231 729
717 1178 945 1218 trochaicus
973 1178 1143 1216 dimeter
1170 1175 1430 1216 catalecticus

609 1253 683 1295 732
715 1242 945 1283 trochaicus
973 1241 1218 1294 septenarius

613 1316 689 1359 733
718 1313 758 1346 et
788 1315 866 1358 734
894 1306 1060 1346 iambici
1088 1305 1286 1345 octonarii

610 1382 686 1424 735
717 1372 770 1410 ad
801 1373 878 1423 738
908 1370 1103 1410 trochaici
1133 1369 1332 1416 octonarii

613 1447 689 1490 739
718 1437 771 1476 ad
801 1445 875 1488 741
908 1435 1102 1475 trochaici
1132 1434 1348 1486 septenarii

615 1511 690 1554 742
721 1501 773 1540 ad
805 1509 880 1553 747
904 1499 1068 1540 iambici
1097 1498 1294 1539 octonarii

615 1567 690 1618 748
719 1565 772 1605 ad
804 1564 883 1617 764
911 1564 1075 1604 iambici
1103 1561 1321 1615 septenarii

615 1630 690 1682 765
719 1618 918 1669 iambicus
946 1628 1177 1668 octonarius

616 1694 692 1747 766
723 1695 776 1734 ad
806 1703 885 1745 794
913 1693 1078 1732 iambici
1108 1691 1322 1744 septenarii

614 1769 689 1812 795
719 1753 772 1799 ad
800 1760 878 1810 819
908 1757 1073 1797 iambici
1103 1756 1299 1797 octonarii

616 1825 695 1864 820
722 1824 775 1864 ad
805 1824 882 1874 827
913 1822 1076 1862 iambici
1106 1821 1321 1874 septenarii

615 1891 692 1930 828
722 1889 775 1928 ad
804 1889 882 1938 840
911 1887 1076 1926 iambici
1106 1884 1303 1925 octonarii

610 1956 683 2004 841
716 1953 769 1992 ad
798 1952 876 2002 883
905 1950 1101 1990 trochaici
1131 1950 1341 2002 septenarii

615 2018 696 2069 884
721 2017 774 2056 ad
807 2027 912 2055 1010
939 2016 1106 2055 iambici
1136 2014 1279 2054 senarii

589 2094 688 2122 1011
722 2082 775 2121 ad
807 2092 908 2132 1055
939 2080 1134 2120 trochaici
1165 2076 1379 2131 septenarii
