1936 3138
157 180 208 221 V.
228 180 250 220 1
269 178 352 232 [8].
370 187 516 232 51-74.
814 179 1152 224 PHORMIO.
1472 234 1491 258 ο
1749 188 1814 243 97

156 319 268 362 PH.
306 313 445 362 Haec
481 314 604 362 §deo
639 330 732 377 ego
769 302 833 362 illi
869 315 964 363 ialm
1001 316 1285 364 denarrabo.
1374 323 1484 364 CH.
1537 315 1609 381 (in
1651 332 1681 363 a
1719 324 1817 363 tone

425 396 676 461 quz'leous
712 395 950 461 entreagv.)
987 384 1220 455 Obsecro,

154 477 232 526 Ne
268 477 430 527 facias.
485 485 597 526 PH.
624 476 764 539 (with
797 481 1002 526 z‘ronz'cal
1020 478 1266 544 surprzlve.)
1304 479 1416 528 Oh!
1454 490 1566 528 tune
1600 482 1640 527 is
1670 481 1814 528 eras?

423 566 531 608 DE.
567 558 843 626 (savagely.)
880 560 946 608 Vt
982 561 1122 609 ludos
1157 561 1282 609 facit.
1715 566 1812 611 945

156 648 265 691 ΘΗ.
306 641 511 691 Missum
538 652 582 690 te
606 642 822 690 facimus.
872 649 984 690 PH.
1012 643 1254 691 Fe'zbulae!
1302 650 1411 691 CH.
1441 643 1572 702 Quid
1599 645 1668 692 vis
1694 644 1812 692 tibi?

151 725 421 787 Argentum
456 724 588 787 quod
623 724 773 772 habes
810 724 1151 773 condonamus
1188 734 1246 773 te.
1317 731 1429 773 PH.
1469 724 1645 774 Atidio.

152 806 287 871 (with
312 808 506 855 insolenl
526 806 730 871 bluster.)
767 805 899 865 Quid
933 807 1037 866 vos,
1063 807 1270 855 malum!
1315 823 1433 870 ergo
1471 807 1547 855 me
1585 808 1652 856 sic
1690 808 1810 855 ludi·
1850 831 1856 836 ·

420 888 627 936 ficfimini
1757 912 1778 950 5
1786 910 1807 950 5

152 968 310 1034 Inepti
345 980 503 1020 vostra
537 969 704 1033 puerili
741 969 1004 1018 sententia?

151 1052 296 1111 Nolo,
332 1053 467 1102 volo:
504 1053 628 1112 vo10,
668 1051 783 1100 nolo
820 1067 1037 1100 rursum:
1086 1051 1219 1115 cipe,
1259 1053 1411 1100 cedo:
1711 1058 1807 1103 950

151 1133 301 1193 Quod
348 1135 545 1194 dictum,
582 1135 813 1182 indictum
862 1143 958 1182 est:
1009 1135 1143 1197 quod
1190 1135 1340 1182 modo
1388 1143 1490 1182 erat
1525 1144 1696 1195 ratum,
1735 1137 1807 1182 in-

418 1217 560 1264 ritum
595 1226 679 1264 est.
716 1214 874 1281 (turns
895 1217 1274 1278 contempluously
1298 1233 1354 1263 on
1379 1217 1454 1263 his
1479 1215 1609 1281 beel.)

151 1303 260 1346 CH.
296 1297 496 1364 (apart.)
533 1298 648 1357 Quo
686 1298 828 1361 pacto
866 1307 946 1346 aut
982 1298 1110 1346 unde
1148 1297 1267 1345 haec
1304 1298 1381 1346 hic
1419 1299 1640 1346 rescivit?
1695 1306 1804 1348 DE.

418 1379 612 1446 (apart.)
651 1380 842 1439 Nesci0‚

148 1460 269 1520 Nisi,
306 1462 383 1510 me
422 1464 597 1511 dixisse
634 1463 829 1522 nemini,
871 1462 1001 1510 certo
1038 1462 1150 1510 sci0.
1755 1472 1806 1511 60

150 1550 260 1593 CH.
295 1543 488 1610 (apart.)
525 1544 750 1604 Monstri,
781 1546 846 1593 fta
874 1560 952 1592 me
982 1545 1029 1592 di
1059 1552 1235 1602 ament,
1264 1544 1432 1591 simile.
1505 1551 1618 1594 PH.
1646 1544 1804 1611 (aside,

417 1627 618 1689 rubbz'ng
662 1628 737 1674 his
783 1628 933 1675 hands
979 1628 1093 1674 with
1133 1625 1269 1691 glee.)
1316 1626 1465 1675 Inieci
1515 1626 1803 1690 scrupulum.

416 1715 524 1758 DE.
562 1706 755 1775 (apart.)
793 1709 955 1756 Hem!

147 1791 327 1840 Hicfne
362 1800 412 1839 ut
450 1807 478 1839 a
514 1791 656 1839 nobis
692 1790 786 1839 hoc
822 1801 1010 1839 tantum
1046 1791 1232 1854 argenti
1269 1789 1450 1838 auferat
1708 1796 1803 1841 955

145 1874 275 1922 Tam
311 1873 474 1936 aperte
510 1873 759 1920 inridens?
809 1872 963 1921 emori
1002 1873 1159 1921 hercle
1196 1872 1344 1921 satius
1380 1882 1465 1920 est.

143 1956 324 2004 Anim6
360 1956 476 2003 virili
512 1955 847 2019 praesentique
883 1964 934 2002 ut
971 1956 1050 2014 sis,
1090 1971 1218 2018 para.

146 2038 293 2087 Vides
330 2047 464 2086 tuom
500 2037 755 2101 peccatum
792 2052 897 2085 esse
934 2035 1112 2085 elatum
1150 2037 1290 2096 foras,
1750 2045 1800 2097 65

146 2119 317 2183 Neque
354 2121 450 2167 iam
485 2120 534 2167 id
570 2120 728 2167 celare
764 2119 909 2183 posse
946 2128 990 2167 te
1027 2118 1229 2167 uxorem
1266 2127 1427 2166 tuam:

146 2202 290 2251 Nunc
326 2202 459 2266 quod
494 2203 598 2265 ipsa
634 2218 694 2250 ex
731 2202 832 2249 aliis
869 2199 1087 2249 auditura
1123 2202 1197 2260 sit,
1236 2200 1459 2259 Chreme,
1705 2205 1802 2248 960

144 2283 203 2332 Id
237 2285 427 2333 nosmet
461 2282 671 2331 indicfire
707 2282 990 2346 placabilius
1028 2291 1112 2331 est.

144 2365 275 2414 Tum
311 2365 439 2414 hunc
477 2367 751 2428 inpuratum
790 2365 1050 2429 poterimus
1086 2364 1251 2412 nostro
1288 2364 1439 2412 modo

144 2446 336 2495 Vlcisci.
409 2454 520 2495 PH.
559 2445 743 2510 (asz‘de.)
780 2447 945 2501 Attatl
982 2446 1074 2493 nfsi
1109 2446 1177 2492 mi
1214 2445 1471 2508 prospicio,
1509 2444 1698 2494 haereo.
1751 2463 1801 2506 70

145 2529 214 2577 Hi
250 2528 535 2592 glfidiatorio
570 2529 735 2576 {mimo
773 2529 834 2576 ad
871 2543 949 2576 me
986 2526 1229 2575 adfectant
1264 2527 1403 2574 viam.

146 2617 255 2659 GH.
280 2608 701 2676 (apprehensz'vely.)
726 2612 790 2658 At
815 2610 978 2659 vereor
1003 2618 1053 2657 ut
1076 2607 1253 2672 placfiri
1279 2608 1443 2671 possit.
1479 2614 1589 2656 DE.
1616 2606 1801 2672 (lqying

411 2691 485 2739 his
499 2692 632 2739 hand
639 2709 696 2739 on
719 2690 949 2740 Chremes'
968 2688 1219 2754 shoulder.)
1255 2689 1397 2738 Bono
1413 2690 1579 2737 animo
1594 2704 1674 2737 es:
1700 2691 1797 2736 965

143 2774 252 2835 Ego
288 2771 503 2835 redigam
538 2789 625 2822 vos
659 2774 708 2821 in
743 2773 959 2836 grdtiam‚
998 2773 1090 2821 hoc
1129 2770 1288 2829 fretus,
1327 2771 1548 2828 Chreme,

144 2854 311 2914 Quom
336 2869 362 2902 e
387 2852 548 2903 medio
571 2855 775 2904 excessit
800 2853 929 2904 unde
954 2853 1073 2903 haec
1100 2851 1321 2916 susceptu
1346 2861 1417 2901 est
1443 2852 1542 2901 tibi.

954 2957 986 2992 G
