1936 3138
159 137 225 189 88
807 149 1144 195 PHORMJO.
1426 153 1499 218 '1v
1521 154 1615 207 [Ἦ.
1638 156 1675 195 3.
1696 167 1817 206 9-21.

157 280 308 327 Patris
344 280 526 328 nomen
563 283 692 330 aliud
735 285 915 333 dictum
954 294 1051 334 est:
1103 286 1196 335 hoc
1234 296 1285 334 tu
1321 286 1497 335 errasti.
1582 294 1688 335 DE.
1727 286 1819 353 (in—

429 364 744 428 credulousty.)
797 365 912 414 Non
950 367 1088 416 norat
1122 371 1344 430 patrem?

158 451 265 491 CH.
307 443 473 492 Norat.
545 452 653 494 DE.
693 446 833 505 Quor
868 449 995 496 aliud
1033 451 1188 499 dixit?
1263 458 1370 499 CH.
1409 453 1572 515 (apart
1589 458 1632 500 to
1654 452 1818 500 Demi-

416 528 527 588 pho,
560 530 787 591 glancing
825 532 940 577 with
976 537 1130 580 terror
1163 535 1368 580 towards
1408 535 1482 581 his
1522 535 1634 597 wgfh
1670 535 1821 581 whose

429 611 681 671 suspicions
704 628 788 658 are
809 614 1031 676 evidently
1042 616 1270 679 arousea'.)
1306 614 1651 679 Numquamne
1675 616 1819 664 hodie

430 692 670 739 concedes
706 693 835 752 mihi,
1634 718 1681 745 10
1719 700 1817 745 805

1926 297 1936 531 ἒ

157 771 334 835 Neque
379 772 666 836 intelleges?
750 781 857 823 DE.
911 776 960 824 Si
1005 775 1055 824 tii
1085 778 1151 824 nil
1200 780 1399 827 narras?
1486 786 1594 827 CH.
1648 779 1818 844 (impa-

430 853 621 920 tiently.)
657 853 835 903 Perdis.
906 862 1022 904 NA.
1063 857 1218 905 Miror
1254 860 1371 920 quid
1409 861 1510 907 siet.

155 942 262 983 DE.
300 936 542 999 Equidem
578 937 738 985 hercle
776 938 954 987 nescio.
1018 946 1126 987 CH.
1165 938 1491 1005 (desperately.)
1527 939 1626 987 Vin
1665 942 1818 988 scire?

432 1026 481 1065 at
516 1020 582 1066 ita
616 1035 699 1065 me
726 1028 878 1067 servet
915 1019 1143 1083 Iuppiter,

157 1099 224 1147 Vt
261 1100 460 1163 propior
496 1101 574 1157 illi,
613 1084 759 1164 quam
795 1117 888 1164 ego
931 1118 1038 1150 sum
1079 1119 1136 1151 ac
1171 1111 1235 1163 tu,
1275 1103 1422 1152 nemo
1462 1112 1549 1152 est.
1598 1111 1708 1152 DE.
1735 1104 1818 1169 s(²'n

429 1179 742 1249 amazement.)
780 1183 844 1230 Di
881 1183 1092 1231 vostram
1128 1185 1271 1233 fidem
1300 1186 1309 1231 Ξ
1722 1185 1819 1250 (²3)

155 1263 341 1312 Eamus
387 1265 449 1312 ad
498 1265 687 1327 ipsam:
740 1280 839 1312 una
886 1265 1047 1314 omnis
1094 1282 1185 1314 nos
1233 1275 1313 1313 aut
1360 1268 1485 1315 scire
1520 1277 1600 1315 aut
1635 1269 1819 1316 nescire

426 1347 521 1394 hoc
547 1347 669 1395 volo.
707 1347 781 1412 (he
815 1354 952 1395 turns
987 1350 1193 1396 towards
1228 1350 1299 1396 the
1333 1351 1440 1396 door
1475 1350 1536 1414 of
1559 1352 1634 1397 his
1669 1351 1814 1409 house,

426 1430 669 1491 beckoning
686 1435 729 1477 to
750 1429 966 1477 Chremes
991 1432 1092 1477 and
1110 1431 1425 1479 Nausistrata
1443 1437 1486 1479 to
1493 1432 1667 1493 follow
1685 1431 1816 1498 him.)

430 1519 538 1560 CH.
576 1510 805 1575 (slopping
827 1511 1093 1577 Demipho.)
1129 1513 1239 1559 Ah!

157 1600 264 1641 DE.
303 1593 436 1654 Quid
473 1594 579 1642 est?
641 1601 749 1642 CH.
786 1593 1099 1658 (petulantly.)
1134 1595 1241 1643 Itan
1279 1611 1476 1657 parvam
1519 1596 1636 1643 mihi
1672 1596 1816 1644 fidem

428 1693 533 1724 esse
581 1675 711 1740 apud
758 1679 831 1725 tel
917 1684 1025 1726 DE.
1064 1675 1406 1742 (impatienlly.)
1443 1678 1540 1725 Vin
1588 1694 1666 1726 me
1717 1679 1818 1726 cre·

430 1759 580 1806 dere?
1635 1781 1676 1807 1·
1719 1764 1817 1808 810

159 1839 256 1886 Vin
304 1839 416 1888 satis
453 1842 722 1903 quaesitum
770 1843 836 1889 mi
886 1815 1007 1890 istuc
1055 1843 1195 1890 esse?
1251 1847 1371 1904 'age,
1411 1841 1507 1889 fiat.
1556 1795 1702 1904 quid?
1736 1843 1816 1890 illa

432 1923 529 1970 filia

159 2004 317 2050 Amici
354 2005 501 2051 nostri
538 2004 653 2066 quid
688 2004 898 2052 futurum
934 2007 1041 2052 est?
1129 2011 1237 2052 CH.
1276 2004 1440 2052 Recte.
1520 2011 1627 2052 DE.
1667 2005 1812 2054 Hanc

430 2086 571 2148 igitur
607 2087 872 2134 mittimus?

163 2172 270 2213 CH.
297 2165 427 2224 Quid
460 2167 541 2213 ni?
612 2174 719 2215 DE.
753 2153 842 2214 slla
870 2169 1098 2215 maneat?
1171 2174 1278 2215 CH.
1309 2166 1402 2214 Sic.
1473 2173 1581 2214 DE.
1602 2166 1820 2231 (lurnz'ng

429 2252 471 2293 to
523 2247 840 2295 Nausistrata
889 2250 1005 2295 wilh
1053 2265 1083 2294 a
1131 2250 1282 2310 shrug
1328 2249 1389 2311 of
1424 2249 1498 2294 his
1549 2246 1817 2307 shoulders.)

433 2329 510 2375 Ire
546 2329 690 2390 igitur
725 2330 809 2376 tibi
846 2330 967 2388 licet,
1004 2330 1320 2377 Nausistrata.
1724 2329 1819 2393 (gc)

159 2414 275 2456 NA.
316 2408 391 2456 Sic
427 2409 508 2471 pol
545 2411 851 2458 commodius
893 2410 998 2458 esse
1038 2411 1087 2456 in
1130 2411 1288 2458 omnis
1329 2410 1547 2468 arbitror,
1585 2426 1730 2473 quam
1768 2423 1818 2457 ut

431 2490 674 2552 coeperas,

163 2571 365 2619 Manere
406 2571 557 2630 hanc;
602 2588 716 2619 nam
755 2572 1049 2634 perliberalis
1084 2574 1184 2620 visa
1225 2580 1308 2631 est,
1349 2588 1499 2635 quom
1535 2574 1645 2630 vidi,
1686 2573 1816 2620 mihi.

428 2651 558 2715 (exit
587 2654 681 2700 into
710 2654 792 2700 her
814 2654 964 2712 house,
991 2653 1217 2715 Demipho
1244 2654 1438 2715 holding
1468 2653 1541 2700 the
1573 2655 1682 2701 door
1710 2663 1817 2716 open

410 2734 507 2796 sor
530 2733 645 2799 her.)
1634 2755 1683 2782 20
1721 2740 1816 2783 815

162 2822 269 2863 DE.
301 2815 516 2879 (turning
537 2817 752 2878 abruptly
775 2821 817 2862 to
841 2817 916 2863 his
939 2815 1154 2878 brother.)
1192 2815 1323 2874 Quid
1354 2813 1477 2863 istuc
1514 2817 1678 2878 negoti
1714 2818 1816 2864 est?
