1936 3138
334 736 581 784 METRA
619 737 830 786 HVIVS
868 737 1180 785 FABVLAE
1218 735 1407 785 HAEC
1444 735 1625 784 SVNT

453 872 546 912 Ver.
581 883 598 911 1
631 871 683 913 ad
716 883 789 924 152
819 873 987 914 iambici
1017 873 1163 914 senarii

500 965 526 987 ‚,
587 947 662 988 153
689 938 918 978 trochaicus
947 939 1178 978 octonarius

498 1029 525 1051 „
585 1012 663 1053 154
690 1007 731 1041 et
763 1012 837 1053 155
865 1003 1063 1042 trochaici
1092 1001 1310 1055 septenarii
1371 1052 1373 1054 q

500 1093 527 1114 ,‚
587 1063 662 1116 156
691 1071 732 1105 et
766 1074 839 1118 157
868 1067 1061 1107 trochaici
1092 1067 1288 1107 octonarii

499 1157 526 1179 „
587 1130 661 1180 158
690 1134 731 1170 et
765 1141 840 1182 159
867 1131 1061 1171 trochaici
1090 1130 1309 1183 septenarii

499 1222 525 1243 „
587 1192 662 1232 160
691 1193 743 1232 ad
775 1193 848 1232 162
879 1194 1052 1234 iambici
1075 1195 1271 1235 octonarii

501 1287 527 1307 ‚,
587 1255 662 1307 163
691 1257 893 1298 iambicus
921 1259 1196 1311 quaternarius

503 1351 529 1371 ‚‚
590 1321 666 1374 164
694 1322 748 1362 ad
780 1321 854 1373 176
879 1323 1047 1363 iambici
1075 1323 1271 1364 octonarii

503 1415 531 1436 „
592 1395 666 1438 177
695 1393 734 1441 et
767 1388 842 1438 178
871 1387 1035 1427 iambici
1064 1387 1280 1440 septenarii

503 1478 530 1499 ‚,
590 1458 664 1502 179
692 1449 921 1491 trochaicus
949 1451 1178 1491 octonarius

505 1542 532 1564 ‚,
592 1515 668 1554 180
695 1514 921 1554 trochaicus
949 1515 1196 1567 septenarius

506 1607 533 1628 ,‚
594 1579 680 1627 181,
715 1579 803 1627 182,
838 1580 914 1630 184
942 1579 1103 1619 iambici
1134 1578 1328 1620 octonarii

504 1672 531 1693 ‚,
590 1643 665 1693 183
695 1643 891 1683 iambicus
917 1644 1191 1696 quaternarius

505 1737 532 1758 ,‚
592 1708 666 1759 185
696 1714 736 1748 et
769 1707 842 1748 186
869 1707 1063 1748 trochaici
1091 1709 1305 1761 septenarii

505 1801 531 1822 ,‚
591 1773 665 1824 187
695 1779 735 1812 et
766 1774 841 1812 188
868 1773 1060 1813 trochaici
1089 1774 1285 1813 octonarii

505 1865 530 1886 „
590 1837 664 1888 189
692 1843 732 1877 et
763 1847 839 1889 190
865 1836 1058 1876 trochaici
1087 1836 1301 1889 septenarii

505 1929 533 1951 ‚‚
591 1911 660 1953 191
696 1900 920 1941 trochaicus
948 1901 1118 1941 dimeter
1144 1901 1402 1944 catalecticus

506 1993 533 2014 ‚,
596 1975 685 2016 192,
713 1975 805 2017 193,
839 1976 911 2016 195
942 1965 1105 2004 iambici
1135 1965 1332 2005 octonarii

508 2057 534 2078 ‚,
595 2039 672 2081 194
699 2029 896 2069 iambicus
923 2030 1102 2069 senarius

507 2122 534 2143 „
594 2092 670 2146 196
700 2093 899 2134 iambicus
925 2094 1200 2146 quaternarius

506 2185 536 2207 „
594 2165 669 2210 197
699 2158 753 2198 ad
784 2169 858 2210 215
889 2158 1085 2198 trochaici
1116 2158 1333 2211 septenarii

508 2251 535 2272 ‚,
594 2221 670 2262 216
699 2223 752 2262 ad
785 2233 862 2272 ²30
890 2223 1054 2262 iambici
1084 2223 1228 2263 senarii

510 2315 535 2336 ,.
593 2297 663 2336 231
697 2294 736 2327 et
767 2298 841 2337 232
874 2287 1066 2327 trochaici
1094 2286 1307 2340 septenarii

511 2380 537 2401 ‚‚
597 2362 671 2402 233
701 2351 752 2391 ad
786 2363 854 2403 251
890 2352 1054 2392 iambici
1084 2352 1280 2392 octonarii

511 2443 538 2464 „
598 2426 671 2466 252
702 2422 742 2455 et
775 2427 849 2467 253
879 2415 1072 2456 trochaici
1102 2416 1314 2469 septenarii

512 2507 539 2528 ‚,
599 2490 675 2531 254
704 2479 755 2518 ad
787 2491 866 2532 314
894 2481 1056 2520 iambici
1085 2481 1230 2521 senarii

514 2572 540 2592 „
597 2553 672 2595 315
702 2544 754 2583 ad
784 2552 860 2596 347
890 2545 1083 2585 trochaici
1110 2544 1323 2599 septenarii

513 2636 540 2657 „
596 2608 672 2658 348
701 2608 754 2647 ad
782 2609 861 2660 464
889 2609 1051 2650 iambici
1078 2608 1222 2649 senarii

514 2699 541 2720 „
596 2670 674 2723 465
704 2672 755 2711 ad
786 2671 863 2723 468
894 2674 1087 2713 trochaici
1117 2674 1311 2714 octonarii

519 2763 545 2783 ,‚
599 2735 679 2787 469
707 2742 744 2775 et
776 2744 856 2788 470
884 2738 1078 2777 trochaici
1107 2738 1321 2790 septenarii

518 2825 545 2847 ‚‚
600 2808 675 2851 471
707 2799 758 2839 ad
788 2802 865 2852 478
895 2802 1058 2842 iambici
1088 2803 1283 2843 octonarii
