1936 3138
168 175 234 242 76
825 187 1163 232 PHORMIO.
1325 191 1392 231 III
1417 190 1531 244 [IV].
1555 194 1593 232 2.
1621 194 1736 244 15-3.
1764 205 1824 233 12.
1903 206 1906 207 ⁷

168 317 217 364 Si
253 320 315 366 ab
350 319 411 366 eo
447 320 514 366 nil
549 320 643 381 fiet,
684 330 784 368 tum
821 321 951 371 hiine
987 324 1174 372 adoriar
1208 325 1464 388 hospitem.
1641 345 1687 387 15
1726 330 1823 376 605

166 399 306 461 (Gela
323 409 490 461 pauses
496 403 594 466 for
617 419 646 449 a
652 405 762 466 few
787 411 1000 452 moments
1024 408 1073 452 in
1099 407 1301 469 thought,
1321 407 1512 468 making
1534 415 1594 468 up
1619 408 1692 455 his
1703 409 1823 470 plan

233 479 295 541 (ff
316 482 477 539 action,
506 483 607 528 and
635 497 684 528 so
718 483 818 529 does
841 489 920 530 not
939 486 1081 530 notice
1105 486 1176 532 the
1199 487 1308 532 door
1332 486 1393 548 of
1404 484 1668 548 Demipho’s
1691 487 1826 533 house

233 560 458 625 opening.)

912 823 1003 872 SC.
1035 829 1077 872 3.

275 945 611 989 AN'I'IPHO.
683 947 880 989 GE'I‘A.
953 948 1299 990 CHREMES.
1371 948 1712 992 DEMIPHO.

163 1046 226 1111 (A
235 1051 390 1111 nlzplzo
413 1051 571 1111 speaks
594 1050 670 1098 his
680 1051 804 1113 first
823 1053 979 1099 words
1007 1069 1061 1099 as
1086 1053 1138 1099 he
1169 1069 1307 1099 comes
1342 1058 1421 1099 out
1451 1052 1514 1113 of
1523 1054 1594 1099 the
1628 1054 1737 1100 door
1771 1053 1833 1116 of

228 1129 493 1192 Demz'pho's
517 1132 662 1179 house.
745 1133 881 1180 leen
912 1133 1042 1193 Gela,
1070 1133 1312 1194 Dmnifflzo,
1340 1135 1439 1180 and
1462 1133 1679 1181 Chremes
1702 1151 1821 1181 come

229 1214 360 1260 down
384 1214 458 1260 the
478 1219 608 1275 stage
631 1221 684 1260 at
705 1230 745 1261 v.
777 1217 873 1276 609
900 1216 1110 1277 Anlzjoho
1133 1217 1270 1263 sleals
1293 1222 1335 1262 lo
1357 1217 1428 1262 the
1451 1217 1575 1275 back,
1604 1216 1802 1278 unseen.)

161 1321 274 1362 AN.
311 1316 532 1378 Expecto
567 1332 711 1379 quam
750 1333 865 1366 mox
902 1318 1094 1381 recipiat
1130 1319 1233 1366 sese
1271 1319 1410 1367 Geta.

160 1396 394 1462 (colchz'ng
433 1400 563 1460 sight
593 1400 654 1463 of
682 1398 934 1464 Chremes.)
973 1400 1068 1448 Sed
1103 1400 1324 1463 paitruom
1361 1401 1501 1449 video
1536 1399 1647 1449 etim
1682 1410 1817 1464 patre

431 1489 681 1528 astantem.
736 1482 782 1528 ei
816 1481 957 1529 mihi!

160 1561 324 1620 Quam
360 1564 523 1622 timeo,
563 1564 794 1612 adventus
832 1563 970 1611 hdius
1006 1579 1105 1627 quo
1142 1564 1354 1627 impellat
1391 1574 1591 1627 patrem.

161 1651 265 1692 GE.
324 1643 523 1710 (having
574 1647 703 1693 made
761 1655 820 1708 up
875 1647 949 1693 his
1001 1648 1165 1706 mind.)
1222 1648 1400 1694 Adibo.
1471 1646 1818 1711 (approaching

417 1713 650 1775 ‘Chremes
674 1730 774 1775 and
791 1729 1010 1790 speaking
1028 1730 1140 1776 wilh
1160 1729 1384 1793 effusion.)
1407 1729 1453 1778 Ο
1473 1729 1626 1778 salve!
1655 1729 1817 1778 noster

433 1809 654 1857 Chreme.
728 1817 838 1858 CH.
879 1810 1047 1858 Salve!
1105 1811 1241 1858 Geta.
1923 1850 1936 1877 5

160 1885 265 1938 GE.
301 1890 482 1939 Venire
521 1892 702 1939 salvom
739 1892 883 1954 volup
919 1902 1003 1940 est.
1066 1898 1175 1940 CH.
1213 1890 1442 1957 (shortly.)
1480 1892 1654 1941 Credo.
1708 1899 1814 1940 GE.
1911 1922 1936 1947 i.

428 1973 562 2031 Quid
601 1974 786 2036 agitur?
1655 1996 1677 2034 5
1716 1978 1813 2022 610

160 2060 268 2101 CH.
305 2050 580 2120 (z'rrz'labhl.)
618 2055 773 2103 Multa
820 2055 1106 2116 advenienti,
1152 2064 1203 2103 ut
1249 2056 1315 2113 fit,
1358 2071 1484 2103 nova
1531 2055 1811 2104 hic———com-

428 2135 591 2198 phiria.

159 2224 264 2266 GE.
304 2219 387 2265 Ita.
436 2220 496 2266 de
532 2209 815 2283 Antiphone
852 2220 1061 2267 audistin
1097 2235 1220 2282 quae
1256 2219 1413 2266 facta?
1468 2205 1810 2267 CH.'Omnia.

159 2306 264 2347 GE.
301 2299 364 2364 (lo
389 2300 646 2366 Demipho.)
675 2302 790 2349 Tun
827 2302 1017 2349 dixeras
1054 2301 1194 2348 huic?
1231 2300 1365 2365 (wilh
1390 2301 1576 2364 affected
1593 2302 1811 2363 indigna-

426 2381 554 2446 tz‘on.)
591 2383 775 2431 szicinus
811 2381 1078 2446 indigmim,
1118 2382 1337 2438 Chreme,

160 2463 237 2510 Sic
275 2466 537 2512 circumiri!
609 2472 715 2513 DE.
753 2466 810 2512 Id
847 2481 956 2513 cum
994 2465 1088 2512 hoc
1124 2465 1327 2524 agebam
1363 2463 1690 2510 commodum.

158 2548 264 2591 GE.
303 2542 432 2589 Nam
468 2542 625 2590 hercle
668 2543 762 2605 ego
810 2558 1004 2606 quoque
1051 2543 1099 2589 id
1147 2542 1342 2604 quidem
1390 2540 1576 2601 agitans
1618 2557 1809 2589 mecum

427 2625 592 2673 Sedulo
1630 2644 1675 2671 ιο
1712 2627 1808 2672 615

155 2707 339 2765 Inveni,
379 2708 564 2769 opinor,
604 2706 871 2754 remedium
907 2707 1017 2755 huic
1065 2707 1146 2754 rei.
1219 2710 1330 2755 GH.
1382 2703 1619 2770 (eagerly.)
1660 2705 1806 2764 Quid,

426 2787 581 2837 Geta?

154 2877 259 2917 DE.
298 2870 447 2928 Quod
484 2870 780 2918 remedium?
853 2877 957 2918 GE.
996 2870 1120 2933 (goes
1150 2872 1338 2918 between
1373 2871 1443 2917 the
1476 2876 1567 2917 two
1601 2870 1680 2917 old
1710 2885 1808 2916 men
