1936 3138
209 155 280 218 48
860 164 1202 209 PHORMIO.
1566 166 1602 206 1.
1626 169 1664 207 2.
1689 170 1808 220 97-3-
1829 180 1867 219 9.
1934 204 1936 216 ᾖ

211 307 322 349 DA.
349 301 491 348 Pater
512 300 614 349 eius
638 300 774 348 rediit
807 300 870 349 an
900 304 1035 350 non?
1106 308 1214 350 GE.
1243 301 1492 352 Nondum.
1564 311 1675 353 DA.
1703 304 1868 364 Quid?

483 399 651 431 senem

213 463 392 521 Quoad
427 463 690 526 expectatis
724 464 972 513 vostrum?
1045 471 1151 512 GE.
1191 464 1308 513 Non
1344 465 1530 514 certlim
1567 468 1693 515 scio:

215 544 311 592 Sed
346 545 598 607 epistulam
633 547 695 594 ab
731 561 791 594 eo
826 546 1034 594 adlatam
1068 562 1174 595 esse
1210 548 1372 595 audivi
1405 548 1554 597 modo

212 626 274 673 Et
310 627 372 674 ad
406 627 662 689 portitores
698 627 803 676 esse
840 628 1073 676 delatam:
1109 629 1235 677 hanc
1269 638 1447 692 petam.
1669 650 1746 677 100
1775 634 1869 678 150

214 716 323 756 DA.
360 708 495 756 Num
527 711 659 774 quid,
687 711 828 770 Geta,
859 712 987 759 aliud
1017 712 1095 760 me
1121 713 1221 761 vis?
1293 719 1398 760 GE.
1423 713 1489 760 Vt
1523 715 1646 761 bene
1681 714 1742 760 sit
1773 713 1870 760 tibi.

486 789 611 856 (exit
641 792 815 841 Davus
846 796 1050 842 towards
1081 796 1153 843 the
1184 795 1379 842 Forum.
1457 794 1576 842 Gela
1600 811 1712 856 goes
1734 800 1778 842 lo
1801 795 1872 842 the

485 877 596 923 door
618 878 680 940 of
690 875 958 938 Demzplzo's
981 878 1115 924 house
1138 878 1238 923 and
1253 875 1405 940 calls.)

214 957 339 1004 Puer
392 955 538 1005 helis!
581 973 763 1006 nemon
805 957 897 1005 huc
938 959 1127 1020 prodit?
1167 956 1310 1023 (there
1342 975 1484 1006 comes
1519 965 1561 1006 lo
1596 961 1668 1006 tlze
1701 960 1810 1006 door
1841 976 1871 1005 α

485 1041 623 1097 slave,
649 1045 691 1086 lo
717 1040 866 1087 whom
896 1039 1012 1088 Geta
1037 1042 1188 1087 hands
1212 1042 1283 1088 the
1298 1038 1476 1106 purse.)
1513 1057 1647 1103 cape,
1683 1041 1743 1088 da
1778 1040 1871 1088 hoc

486 1121 683 1170 Dorcio.
722 1121 848 1186 (exit
865 1123 1072 1170 towards
1096 1124 1168 1169 tlze
1190 1122 1455 1187 Pez'raeus.)

1074 1265 1168 1272 —

961 1366 1052 1414 SC.
1093 1372 1135 1414 3.

648 1503 753 1545 AN
753 1503 984 1547 ¹1¹1PHO.
1056 1505 1442 1547 PHAEDRIA.

369 1605 596 1670 (Antipho
612 1607 812 1670 follows
833 1608 1079 1656 Phaedria
1103 1614 1181 1655 oul
1200 1610 1261 1673 of
1271 1607 1534 1671 Demszho’s
1557 1607 1724 1672 house.)

218 1709 331 1750 AN.
369 1692 544 1750 Adeon
591 1719 695 1751 rem
737 1704 931 1762 redisse,
971 1713 1023 1752 ut
1065 1706 1147 1768 qui
1189 1705 1306 1752 mihi
1347 1705 1626 1753 consultum
1673 1703 1873 1768 optume

489 1786 599 1834 velit
635 1801 754 1845 esse,

219 1867 466 1927 Phaedria,
506 1876 694 1931 patrem
735 1877 787 1936 qt
828 1868 1153 1926 extimescam,
1190 1870 1271 1916 ubi
1310 1871 1362 1916 ‘in
1403 1868 1616 1917 mentem
1651 1869 1753 1917 eius
1789 1868 1872 1915 ad-

489 1951 621 2021 venti*
654 1951 807 1997 venit!

221 2031 369 2090 Quod
393 2033 442 2078 ni
467 2031 664 2079 fuissem
695 2031 982 2093 incogitans,
1006 2033 1073 2080 ita
1105 2032 1426 2095 expectarem,
1452 2042 1502 2079 ut
1526 2031 1613 2094 par
1637 2031 1733 2079 fuit.
1777 2036 1871 2079 155

221 2120 332 2161 PH.
360 2113 490 2171 Quid
527 2114 682 2161 istuc?
752 2119 868 2161 AN.
901 2113 1134 2177 Rogitas?
1166 2116 1250 2177 qui
1285 2123 1383 2161 tam
1419 2114 1615 2162 audacis
1652 2113 1875 2161 facinoris

490 2196 605 2242 mihi
640 2196 860 2243 conscius
896 2197 992 2243 sis?

223 2278 370 2336 Quod
411 2278 593 2325 utinam
636 2293 697 2325 ne
742 2277 1022 2325 Phormioni
1065 2279 1113 2326 id
1157 2278 1354 2327 suadere
1401 2278 1452 2324 in
1492 2287 1705 2325 mentem
1754 2277 1873 2325 snei-

492 2360 648 2417 disset‚
1849 2380 1871 2419 5

222 2439 332 2487 Ne1'1
367 2455 446 2487 me
482 2439 714 2501 cupidum
750 2456 811 2488 eo
847 2440 1110 2503 inpulisset,
1149 2439 1282 2503 quod
1321 2438 1438 2486 mihi
1479 2435 1768 2500 principit'im
1802 2445 1874 2485 est

490 2520 633 2568 mali?

224 2605 338 2652 Non
373 2604 550 2667 potitus
587 2602 770 2651 essem:
810 2605 973 2652 fuisset
1002 2613 1104 2652 tum
1133 2603 1238 2651 sslos
1270 2603 1335 2650 mi
1368 2618 1510 2664 aegre
1538 2601 1719 2663 aliquot
1743 2601 1870 2649 dies:

223 2689 286 2733 At
306 2686 405 2734 non
419 2684 659 2735 cotidiana
674 2702 790 2734 cura
809 2686 927 2734 haec
947 2685 1144 2748 angeret
1162 2686 1377 2733 animum
1387 2689 1559 2731 —PH.
1579 2682 1754 2731 Alidio.
1778 2687 1873 2730 160

222 2774 338 2815 AN.
368 2768 483 2815 dum
521 2766 726 2829 expecto
758 2783 903 2830 quam
938 2783 1053 2816 mox
1080 2766 1236 2815 veniat
1271 2767 1353 2829 qui
1388 2765 1512 2813 hanc
1546 2764 1665 2812 mihi
1695 2763 1875 2812 adimat

492 2847 905 2897 consuetlidinem.
