1936 3138
151 170 202 210 v.
226 172 248 210 1
272 168 493 222 [8].6-31.
795 165 1134 210 PHORMJO.
1742 166 1810 223 95

151 304 335 362 Visam,
376 301 426 350 tit
469 303 778 365 quod—DE.
814 301 1036 365 (tappz'ng
1074 301 1305 349 Phormio
1345 317 1402 348 on
1449 301 1521 347 the
1559 299 1811 361 shoulder.)

424 388 487 432 At
523 400 618 442 nos
649 384 711 432 ad
749 394 795 432 te
832 385 1037 442 ibamus,
1076 382 1322 430 Phormio.
1714 387 1810 430 900

150 475 264 516 PH.
295 467 371 515 De
402 467 571 515 eadem
604 466 693 514 hac
726 466 926 515 fortasse
962 464 1140 513 caiisa?
1210 471 1317 513 DE.
1350 465 1423 512 Ita
1452 464 1626 512 hercle.
1699 470 1810 511 PH.

423 548 644 596 Credidi:

153 632 286 691 Quid
322 631 384 680 ad
419 647 497 679 me
532 631 706 678 ibatis?
742 631 1023 678 ridiculum:
1061 628 1354 677 verebamini

151 714 228 763 Ne
265 715 365 762 non
401 714 448 761 id
483 713 690 760 facerem
726 713 861 775 quod
897 710 1185 774 recepissem
1222 711 1404 759 semel?

150 795 477 860 (pompously.)
506 794 670 842 Heus!
705 795 885 857 quanta
921 802 1102 856 quanta
1138 793 1258 841 haec
1293 793 1403 842 mea
1438 803 1693 856 paupertas
1727 792 1812 851 est,

420 887 581 925 tamen
1765 896 1813 922 10

150 959 325 1008 Adhuc
361 960 519 1008 curavi
557 974 708 1006 unum
745 958 838 1006 hoc
875 959 1084 1021 quidem,
1121 969 1173 1006 ut
1207 958 1274 1005 mi
1311 958 1438 1005 esset
1475 958 1608 1006 fides.
1715 962 1812 1006 905

150 1043 306 1106 quue
343 1041 467 1090 adeo
502 1042 642 1089 venio
678 1038 962 1099 nuntiatum,
995 1040 1256 1103 Demipho,

152 1124 379 1172 Paratum
415 1139 494 1171 me
529 1138 661 1171 esse:
698 1123 782 1170 ubi
817 1122 969 1181 v61tis‚
1006 1122 1208 1170 uxorem
1246 1122 1371 1170 date.

153 1206 283 1254 Nam
318 1207 478 1255 omniS
512 1205 775 1268 posthabui
810 1205 929 1251 mshi
965 1220 1055 1263 res,
1093 1205 1158 1252 ita
1194 1205 1262 1252 uti
1297 1204 1383 1267 par
1419 1204 1519 1263 fuit,
1766 1225 1811 1264 15

153 1288 417 1352 Postquam
455 1297 589 1336 tanto
625 1303 771 1350 opere
808 1287 856 1334 id
893 1287 978 1334 vos
1014 1287 1132 1334 velle
1170 1287 1618 1334 animadvorteram.

148 1378 255 1419 DE.
292 1371 562 1433 (hesilatz‘ng
583 1371 684 1417 and
703 1367 955 1433 confused.)
992 1370 1056 1416 At
1091 1369 1169 1416 hic
1207 1369 1486 1417 dehortatus
1523 1368 1595 1417 est
1631 1385 1726 1427 me,
1752 1385 1812 1416 ne

422 1453 552 1499 illam
587 1453 674 1499 tibi
709 1452 899 1499 darem:
1714 1457 1812 1500 910

150 1535 308 1583 ‘Nam
345 1527 431 1597 qui
463 1535 550 1582 erit
585 1532 778 1593 rumor,’
815 1534 981 1596 inquit,
1015 1533 1091 1581 ‘id
1128 1534 1166 1580 si
1204 1532 1403 1581 feceris?

154 1617 284 1667 Olim
321 1632 469 1681 quom
507 1617 707 1663 honeste
745 1615 915 1678 potuit,
952 1623 1055 1662 tum
1092 1631 1191 1663 non
1226 1615 1298 1663 est
1334 1616 1472 1663 data:

150 1700 274 1748 Eam
312 1698 440 1746 minc
476 1698 664 1746 extrudi
703 1696 841 1760 turpe
878 1696 1006 1746 est':
1054 1696 1205 1745 ferme
1241 1698 1410 1745 eadem
1449 1698 1615 1746 omnia
1765 1718 1813 1745 20

152 1781 292 1840 Quae
330 1779 430 1828 tute
467 1780 649 1827 dudum
687 1779 851 1826 coram
888 1795 968 1827 me
1005 1778 1325 1827 incusaveras.

152 1870 264 1912 PH.
308 1860 655 1928 (thdzgnanlly.)
702 1861 827 1909 Satis
870 1862 1074 1924 superbe
1112 1860 1320 1908 inluditis
1362 1877 1455 1909 me.
1526 1867 1635 1909 DE.
1680 1862 1812 1921 Qui?

425 1952 536 1993 PH.
576 1944 775 2007 Rogas?
1713 1950 1810 1993 915

154 2027 282 2086 Quia
318 2043 379 2075 ne
414 2027 612 2074 alteram
651 2027 848 2090 quidem
886 2027 1017 2074 sslam
1052 2035 1220 2089 potero
1256 2024 1461 2074 ducere:

155 2108 283 2156 Nam
320 2109 417 2171 quo
453 2109 620 2157 redibo
656 2124 738 2156 ore
777 2108 838 2156 ad
875 2124 983 2156 eam
1020 2123 1167 2170 quam
1199 2107 1606 2170 contempserim?

154 2196 262 2238 CH.
310 2189 542 2254 (nudgz'ng
576 2190 804 2252 Demipho
839 2191 940 2237 and
964 2191 1240 2252 promplz'ng
1286 2189 1397 2247 him,
1438 2190 1610 2250 apart.)
1656 2189 1811 2236 ‘Tum

422 2282 581 2320 autem
619 2261 955 2335 Antiphonem
991 2271 1132 2319 video
1167 2272 1229 2318 ab
1265 2287 1369 2318 sese
1406 2272 1621 2318 amittere
1763 2292 1809 2329 25

154 2354 360 2402 Invitum
397 2355 535 2413 eam‚'
574 2355 731 2417 inque.
804 2360 913 2402 DE.
953 2354 1084 2401 Tum
1123 2352 1282 2400 alitem
1320 2353 1460 2400 video
1496 2353 1648 2399 filium

156 2436 363 2483 Invitum
401 2451 515 2483 sane
551 2435 798 2483 mulierem
837 2437 899 2483 ab
935 2451 986 2484 se
1025 2437 1257 2483 amittere.
1714 2439 1812 2482 920

154 2517 579 2581 (authoritativegy.)
650 2517 745 2565 Sed
794 2516 940 2565 transi
990 2518 1133 2565 sodes
1184 2516 1246 2564 ad
1294 2516 1463 2574 sorum,
1508 2527 1650 2578 atque
1699 2514 1812 2563 illud

436 2598 552 2647 mihi

154 2678 422 2740 Argentum
459 2695 646 2729 rursum
683 2678 792 2728 inibe
830 2681 1038 2739 rescribi,
1079 2680 1320 2729 Phormio.

154 2767 266 2810 PH.
304 2760 516 2819 Quodne
553 2761 648 2825 ego
684 2762 906 2823 discripsi
941 2762 1087 2824 porro
1122 2762 1212 2810 illis
1248 2763 1423 2824 quibus
1463 2762 1638 2810 debui?
1763 2781 1815 2819 30

153 2849 260 2891 DE.
279 2842 410 2901 Quid
436 2842 578 2905 igitur
602 2843 712 2891 fiet?
783 2849 896 2891 PH.
920 2842 1164 2907 (drawing
1187 2845 1388 2907 himself
1399 2854 1458 2906 up
1482 2846 1581 2892 and
1597 2844 1815 2906 speaking
