1936 3138
177 155 250 218 46
835 159 1172 205 PHORMJO.
1575 161 1608 200 1.
1631 163 1669 202 2.
1691 170 1839 212 43-72.

181 296 433 359 Rogamus
453 297 584 359 aquid
621 297 711 344 sit:
758 293 894 359 (wilh
920 298 1150 344 dramatz'c
1185 300 1435 344 z'ntonatz'on
1473 300 1574 345 and
1593 298 1839 363 gestures.)

451 374 747 439 ‘numquam
786 378 969 438 aeque‚’
1007 378 1174 440 inquit,
1213 377 1294 424 ‘ac
1331 379 1480 426 modo

179 457 441 519 Paupertas
477 458 592 504 mihi
629 473 753 505 onus
789 460 943 505 visum
981 467 1052 506 est
1088 469 1134 506 et
1170 460 1400 507 miserum
1439 460 1486 508 et
1521 476 1678 522 grave.

181 539 335 586 Modo
372 540 619 602 quandam
656 540 749 586 vidi
786 541 1018 601 virginem
1055 541 1132 588 hic
1169 541 1364 589 viciniae
1694 562 1746 602 45
1776 547 1838 591 95

179 620 423 679 Miseram,
461 637 597 668 suam
634 629 835 668 matrem
872 621 1121 668 lamentari
1157 623 1428 670 mortuam:

178 702 250 749 Ea
281 705 371 750 sita
407 712 507 750 erat
544 704 880 761 exadvorsum,
920 720 1075 766 neque
1111 705 1177 750 ssli
1213 705 1505 753 benevolens

178 784 350 847 Neque
389 785 533 832 notus
571 801 727 848 neque
764 785 1001 848 cognatus
1037 795 1172 834 extra
1208 803 1355 834 unam
1394 787 1635 836 aniculam

178 866 450 930 Quisquam
488 868 662 927 aderat,
703 869 784 930 qui
821 868 1054 916 adiutaret
1091 868 1246 916 funus.
1283 870 1547 917 miseritum
1583 878 1667 917 est.

178 949 333 1012 Virgo
368 951 472 1011 ipsa
509 950 627 998 facie
665 949 884 1013 egregia!
946 950 1078 1008 Quid
1114 952 1271 997 verbis
1307 951 1496 1013 opu'st?
1661 972 1712 1012 50
1742 957 1836 1000 100

179 1031 464 1078 Commorat
501 1032 660 1078 omnis
697 1033 799 1079 nos.
837 1033 901 1079 ibi
938 1033 1167 1080 continuo
1204 1022 1434 1095 Antipho,

179 1113 421 1159 ‘Voltisne
459 1128 623 1160 eamus
661 1112 871 1162 visere?’
910 1115 1030 1162 alius
1069 1113 1303 1162 ‘oensem

177 1194 385 1242 Eamus:
424 1195 516 1241 duc
553 1210 643 1242 nos
680 1194 852 1242 s6des.’
891 1196 1030 1254 imus,
1063 1196 1294 1254 venimus,

179 1276 441 1323 Videmus:
479 1277 611 1339 virgo
647 1275 871 1339 pulchra:
909 1287 955 1325 et
991 1293 1089 1339 quo
1124 1280 1280 1341 magis
1317 1278 1518 1337 diceres,

179 1358 259 1406 Nil
295 1359 458 1406 aderat
494 1358 756 1406 adiumenti
793 1360 854 1406 ad
891 1358 1322 1422 pulchritudinem:
1655 1382 1705 1421 55
1738 1366 1832 1409 105

179 1441 397 1503 Capillus
433 1456 615 1502 passus,
654 1439 812 1488 nudus
849 1457 949 1504 pes,
990 1443 1095 1503 ipsa
1131 1442 1338 1500 horrida,

178 1522 460 1580 Lacrumae,
498 1524 694 1570 vestitus
730 1522 910 1585 turpis:
949 1532 1013 1581 ut,
1053 1524 1102 1570 ni
1121 1526 1207 1571 *is
1243 1525 1359 1572 boni

178 1606 237 1652 In
274 1607 378 1668 ipsa
414 1607 590 1652 inesset
625 1605 794 1664 forma,
835 1606 954 1653 haec
989 1605 1197 1653 formam
1234 1607 1589 1669 extinguerent.

178 1675 265 1735 Tne
301 1688 383 1750 qui
419 1688 545 1734 illam
584 1688 778 1734 amabat
814 1687 1060 1735 fidicinam
1095 1685 1453 1746 tantummodo,

179 1777 189 1795 ‘
213 1769 362 1828 Satis,'
394 1770 562 1831 inquit,
592 1770 739 1817 ‘scita
774 1770 903 1817 est:'
941 1769 1104 1817 noster
1138 1785 1303 1818 vero—
1321 1777 1433 1818 DA.
1467 1768 1836 1833 (interruplz‘ng.)

446 1851 550 1899 Iam
588 1852 718 1900 scio:
1658 1861 1711 1901 60
1741 1857 1834 1901 110

177 1935 354 1982 Amare
390 1935 558 1996 coepit.
631 1940 738 1982 GE.
777 1933 889 1982 Scin
925 1935 1105 1997 quam?
1141 1950 1240 1997 quo
1276 1933 1445 1981 evadat
1480 1934 1598 1982 vide.

177 2017 411 2065 Postridie
448 2017 509 2063 ad
547 2032 693 2063 anum
730 2015 859 2064 recta
894 2017 1078 2079 pergit:
1116 2016 1349 2074 obsecrat,

177 2099 242 2146 Vt
278 2098 384 2146 eam
423 2099 512 2146 sibi
549 2099 690 2147 liceat
726 2100 891 2146 visere.
927 2098 1007 2145 illa
1043 2100 1174 2145 enim
1212 2097 1262 2144 se
1299 2106 1456 2160 negat,

177 2180 349 2244 Neque
386 2196 498 2228 eum
535 2180 745 2244 aequom
784 2187 852 2228 ai't
888 2180 1072 2227 facere:
1117 2179 1250 2226 illam
1287 2179 1438 2226 civem
1481 2193 1584 2226 esse
1620 2167 1834 2227 Atticam

176 2262 365 2311 Bonam
402 2263 545 2310 bonis
582 2261 898 2324 prognatam:
938 2262 976 2308 si
1012 2261 1216 2308 uxorem
1251 2260 1373 2319 velit,
1655 2267 1705 2319 65
1738 2265 1832 2309 115

176 2345 308 2407 Lege
345 2345 394 2391 id
430 2345 570 2391 licere
607 2343 791 2392 facere:
832 2344 905 2390 sin
943 2342 1088 2399 aliter,
1126 2350 1284 2404 negat.

176 2427 365 2484 Noster,
403 2428 518 2490 qu1d
555 2436 731 2490 ageret,
771 2426 982 2473 nescire:
1022 2434 1069 2472 et
1102 2424 1232 2471 illam
1263 2421 1436 2470 ducere

175 2509 412 2571 Cupiebat
447 2518 494 2556 et
531 2509 775 2556 metuebat
813 2506 1062 2555 absentem
1100 2515 1298 2569 patrem.

173 2599 286 2640 DA.
326 2591 454 2649 Non,
492 2592 534 2638 si
569 2591 783 2648 redisset,
821 2591 868 2637 ei
903 2598 1039 2652 pater
1073 2587 1263 2636 veniam
1299 2588 1464 2635 daret?

175 2680 281 2720 GE.
320 2673 402 2720 Ille
440 2673 704 2720 indotatam
734 2672 966 2732 virginem
1003 2680 1148 2733 atque
1184 2669 1447 2733 ignobilem
1655 2685 1705 2730 70
1733 2672 1830 2719 120

174 2754 322 2801 Daret
358 2755 454 2801 illi?
493 2768 758 2815 numquam
797 2752 982 2800 faceret.
1053 2757 1164 2800 DA.
1205 2750 1338 2810 Quid
1373 2751 1424 2799 fit
1460 2749 1703 2815 denique?

174 2842 279 2883 GE.
317 2835 449 2894 Quid
483 2834 597 2883 fiat?
634 2843 705 2882 est
739 2835 972 2897 parasitus
1008 2834 1204 2897 quidam
1241 2831 1483 2891 Phormio,

1925 193 1936 264 l
