1936 3138
190 185 257 238 72
850 176 1188 220 PHORMJO.
1384 178 1439 217 11.
1462 179 1499 217 6.
1523 177 1622 229 [111.
1644 176 1702 229 3.]
1725 183 1842 234 9-,24-
1901 154 1905 163 ²

189 321 296 362 GE.
340 300 512 362 stane?
585 318 700 361 AN.
749 313 836 361 Ita.
910 319 1015 360 GE.
1061 312 1185 360 Sane
1220 311 1381 360 hercle
1417 310 1611 373 pulchre
1647 310 1842 358 suades:
1901 296 1903 298 .

458 395 603 443 etiarn
639 403 689 441 tu
724 394 836 441 hine
873 394 1006 442 abis?

189 478 306 525 Non
343 476 604 538 triumpho,
643 491 703 522 ex
740 474 918 538 nuptiis
954 477 1048 522 tuis
1085 476 1126 523 si
1161 475 1227 522 nil
1262 475 1515 522 nanciscor
1550 474 1678 533 mali,
1799 493 1846 522 10

189 560 253 606 Ni
292 558 435 607 etiam
471 574 600 605 nune
637 573 716 604 me
759 558 899 605 huius
941 556 1087 605 causa
1134 573 1362 620 quaerere
1409 558 1458 603 in
1504 557 1633 605 malo
1680 555 1847 604 iubeas

459 654 654 687 crucem
674 641 691 687 ?

189 730 305 771 AN.
342 720 526 768 Verum
561 721 637 768 hic
676 721 800 768 dicit.
872 727 984 768 PH.
1011 719 1347 784 (plaz'ntively.)
1378 719 1542 778 Quid?
1579 735 1672 782 ego
1695 721 1846 775 vobis,

461 802 598 860 Geta,
635 803 818 850 alienus
855 805 994 850 sum?
1067 809 1172 850 GE.
1212 800 1361 849 Haud
1396 812 1540 864 puto:
1749 805 1845 849 545

194 887 289 935 Sed
335 886 568 949 parumne
616 893 700 942 est,
755 884 886 948 quod
937 885 1162 932 omnibus
1215 900 1344 932 nunc
1406 885 1546 932 nobis
1601 883 1847 931 suscenset

463 983 625 1025 senex,

192 1051 256 1098 Ni
292 1051 576 1113 instigemus
613 1049 773 1106 etiam,
813 1057 865 1096 ut
901 1049 1062 1097 nullus
1098 1048 1233 1096 locus
1269 1046 1565 1110 relinquatur
1599 1048 1762 1110 preci?

191 1140 303 1180 PH.
339 1121 476 1179 Alius
512 1133 574 1178 ab
610 1131 763 1179 oculis
798 1132 920 1179 meis
949 1131 1079 1178 illam
1105 1131 1154 1176 in
1179 1131 1398 1192 ignotum
1424 1128 1631 1176 abducet
1654 1129 1847 1176 locum?

462 1213 574 1260 hem
596 1215 606 1260 l
1801 1229 1846 1268 15

192 1296 430 1361 (speaking
463 1296 676 1356 solemnly
700 1291 1010 1360 and‘slow-ly.)
1049 1295 1183 1341 Tum
1219 1294 1372 1356 igitur,
1413 1293 1529 1340 dum
1563 1291 1675 1340 licet
1711 1292 1848 1338 dum·
1918 1319 1919 1322 =

462 1392 557 1439 que
593 1377 776 1435 adsum,
814 1376 1064 1438 loquimini
1102 1391 1308 1432 mecum,
1347 1362 1577 1436 Antipho,

194 1459 609 1521 Contemplamini
656 1474 750 1505 me.
821 1464 936 1505 AN.
989 1455 1124 1523 (with
1164 1474 1280 1507 some
1326 1455 1517 1519 alarm.)
1567 1454 1732 1514 Quam
1783 1456 1849 1502 ob

463 1541 597 1587 rem?
635 1549 715 1587 aut
751 1540 984 1603 quidnam
1021 1538 1257 1597 facturu's,
1296 1541 1449 1588 cedo?
1751 1540 1846 1584 550

193 1630 303 1671 PH.
356 1622 574 1685 Quoquo
609 1622 720 1669 hinc
758 1621 1080 1684 asportabitur
1116 1620 1364 1678 terrarum,
1402 1628 1585 1667 certum
1626 1625 1697 1666 est
1741 1618 1847 1680 per-
1920 1644 1924 1648 ,

467 1705 671 1767 sequi—
707 1702 782 1769 (he
803 1705 1053 1766 completely
1077 1703 1236 1750 breaks
1260 1702 1393 1751 down
1424 1702 1525 1748 and
1539 1701 1743 1760 finz'shes
1776 1700 1849 1746 his

465 1792 661 1833 sentence
683 1787 882 1847 through
908 1786 983 1831 hz's
1007 1783 1139 1846 sobs.)

194 1868 291 1916 Aut
338 1869 505 1931 perire.
550 1866 770 1933 (turning
809 1865 983 1930 away.)
1056 1873 1161 1914 GE.
1213 1865 1281 1912 Di
1316 1867 1438 1912 bene
1481 1872 1670 1912 vortant
1716 1862 1847 1925 quod

466 1965 606 2012 agas:
649 1949 994 2012 pedetemptim
1031 1958 1207 1995 tamen.

196 2041 311 2082 AN.
366 2033 494 2080 Vide
548 2033 585 2079 si
638 2032 753 2094 quid
806 2033 910 2094 opis
966 2031 1101 2093 potes
1155 2031 1339 2078 adferre
1391 2030 1515 2077 huie.
1606 2035 1711 2076 GE.
1768 2027 1852 2073 ‘Si'
1926 2045 1934 2087 ;

465 2113 841 2178 quid'?.quid?
912 2120 1028 2161 AN.
1080 2113 1283 2172 Quaere,
1322 2113 1549 2160 obsecro:
1801 2130 1850 2156 20
1934 2131 1936 2134 ⁴

197 2198 273 2246 Ne
309 2198 427 2260 quid
463 2197 571 2259 plus
605 2194 821 2244 minusve
858 2195 988 2254 faxit,
1029 2195 1159 2257 quod
1196 2211 1285 2242 nos
1319 2202 1430 2256 post
1465 2192 1641 2256 pigeat,
1676 2192 1813 2240 Geta.
1934 2191 1936 2193 ’

198 2287 303 2328 GE.
342 2276 606 2345 (assuming
641 2296 703 2325 an
739 2279 926 2325 attc'tua'e
961 2279 1024 2342 os
1035 2279 1135 2340 deep
1171 2275 1394 2340 thought.)
1431 2275 1643 2333 Quaero.
1681 2275 1755 2339 (he
1778 2291 1849 2320 re-

468 2363 620 2407 maz'ns
654 2377 770 2407 some
804 2365 1016 2407 moments
1051 2359 1215 2406 burz'ed
1243 2361 1292 2404 in
1328 2358 1520 2418 thought
1530 2373 1555 2411 ,·
1591 2356 1695 2402 then
1736 2356 1848 2402 with

467 2444 636 2489 sudden
683 2443 847 2488 elatz'on
894 2443 1009 2488 crz'es
1057 2439 1163 2503 out.)
1214 2439 1380 2487 Salvos
1426 2438 1512 2494 est,
1562 2446 1614 2484 ut
1665 2438 1849 2500 opinor.

470 2523 605 2588 (with
656 2541 685 2570 a
740 2524 915 2584 change
972 2522 1034 2585 of
1066 2518 1196 2583 tone.)
1253 2520 1438 2568 Verum
1495 2519 1625 2566 enim
1685 2519 1849 2566 metuo

467 2607 660 2654 malum.
1754 2604 1848 2647 555

197 2697 312 2738 AN.
349 2689 463 2736 N6li
498 2696 742 2735 metuere:
799 2685 896 2733 tina
932 2695 1093 2734 tecum
1129 2685 1259 2733 bona
1292 2683 1420 2731 mala
1455 2681 1774 2731 tolerabimus.

199 2778 304 2819 GE.
343 2769 560 2834 (turning
594 2775 636 2816 to
669 2767 949 2831 Phaedria.)
975 2767 1223 2826 Quantum
1261 2781 1383 2828 opus
1419 2773 1491 2811 est
1527 2764 1611 2811 tibi
1647 2762 1846 2824 argenti,

469 2852 679 2914 loquere.
749 2856 862 2896 PH.
902 2849 1042 2897 Solae
1080 2846 1270 2909 triginta
1306 2847 1478 2893 minae.
