1936 3138
172 145 237 212 78
834 154 1173 201 PHORMJO.
1394 159 1462 199 111
1484 158 1600 213 [1v1.
1620 161 1658 201 3.
1681 161 1828 213 37-64·
1917 181 1918 184 η

170 293 277 334 GE.
315 287 362 334 A
395 289 554 350 primo
589 287 738 336 homo
773 290 1027 338 insanibat.
1103 298 1211 343 CH.
1250 291 1400 352 Cedo,
1440 292 1556 354 quid
1589 293 1828 356 postulat?
1919 327 1922 332 ψ

169 375 274 417 GE.
312 369 477 428 Quid?
531 371 736 417 nimium
772 381 1006 434 quantum
1042 373 1208 422 lubuit.
1281 380 1390 422 CH.
1434 374 1540 422 Dic.
1605 381 1711 423 GE.
1749 380 1760 401 ‘
1780 375 1827 422 Si

439 453 549 514 quis
588 452 723 500 daret
1542 510 1547 515 ,

170 532 427 580 Talentum
453 534 716 596 magnum?
775 542 884 585 DE.
910 534 982 601 (in
1007 554 1037 584 a
1061 535 1209 602 rage.)
1240 538 1402 586 Immo
1427 538 1610 585 malum
1641 538 1826 587 hercle!

437 623 489 662 ut
525 616 592 662 nss
628 617 801 679 pudet!

168 701 274 742 GE.
311 696 461 755 Quod
498 698 598 745 dixi
635 699 677 745 ei
714 700 865 747 adeo:
907 700 1132 763 ‘quaeso
1173 702 1288 765 quid
1324 702 1363 749 si
1398 701 1549 749 filiam
1635 723 1690 759 40
1728 707 1825 751 645

171 778 317 825 Suam
353 778 547 827 unicam
584 779 796 829 locaret?
834 783 968 844 parvi
1005 783 1184 830 rettulit

168 859 283 908 Non
321 859 612 924 suscepisse:
651 863 846 911 inventa
882 872 954 912 est
990 880 1114 927 quae
1151 864 1315 913 dotem
1351 864 1510 929 petat.'

167 942 233 989 Vt
269 943 330 990 ad
367 942 521 1005 pauca
557 944 749 991 redeam
787 961 842 992 ae
880 947 1068 993 mittam
1104 947 1227 994 illius
1264 946 1482 1010 ineptias,

170 1024 308 1072 Haec
346 1025 553 1088 denique
591 1027 692 1073 eius
728 1025 816 1073 fust
851 1037 1097 1090 postrema
1132 1028 1310 1077 oratio:

167 1106 334 1169 ‘Ego,'
373 1108 541 1169 inquit,
582 1111 638 1154 ‘a
674 1109 910 1171 principio
948 1110 1089 1157 amici
1126 1110 1290 1170 filiam,
1637 1133 1688 1171 45
1728 1115 1825 1160 650

167 1189 239 1235 Ita
275 1197 326 1235 ut
362 1188 572 1251 aequom
607 1189 772 1247 fuerat,
811 1191 938 1238 volui
973 1207 1176 1239 uxorem
1214 1191 1400 1240 ducere.

168 1270 298 1317 Nam
333 1270 452 1317 mffii
487 1271 707 1319 veniebat
744 1273 792 1318 in
831 1282 1041 1320 mentem
1080 1274 1181 1321 eius
1216 1274 1597 1332 incommodum,

167 1352 225 1398 In
261 1352 534 1400 servitutem
569 1351 835 1415 pauperem
873 1355 934 1401 ad
970 1355 1119 1403 ditem
1157 1356 1270 1403 dari.

170 1434 263 1481 Sed
300 1435 366 1481 mi
402 1435 524 1497 opus
560 1443 673 1493 erat,
711 1444 763 1482 ut
799 1435 960 1498 aperte
997 1437 1081 1483 tibi
1118 1453 1245 1485 nunc
1280 1436 1477 1496 fabuler,

165 1516 531 1578 Aliquantulum
568 1533 694 1579 quae
732 1517 951 1576 adferret,
988 1519 1069 1581 qui
1106 1519 1413 1567 dissolverem
1636 1541 1689 1580 50
1726 1524 1822 1568 655

169 1597 308 1656 Quae
347 1599 532 1646 debeo:
585 1607 632 1645 et
668 1598 813 1647 etiam
851 1615 994 1657 nunc,
1034 1601 1073 1647 si
1108 1602 1205 1648 volt
1241 1600 1486 1663 Demipho

167 1679 295 1728 Dare
332 1680 568 1743 quantum
603 1682 666 1727 ab
703 1682 794 1728 hac
833 1682 1033 1743 accipio,
1072 1698 1196 1744 quae
1234 1682 1412 1745 sponsa
1448 1692 1520 1730 est
1555 1682 1687 1741 mihi,

167 1762 360 1810 Nullam
399 1762 515 1809 mihi
551 1763 716 1809 malim
753 1778 900 1825 quam
937 1764 1090 1811 istanc
1131 1765 1331 1812 uxorem
1369 1764 1495 1812 dari!

166 1850 281 1892 AN.
320 1842 501 1908 (asz‘de.)
538 1843 713 1891 Vtrum
751 1845 946 1893 stultitia
984 1845 1137 1893 faeere
1174 1862 1266 1907 ego
1303 1847 1430 1894 hunc
1466 1862 1529 1893 an
1563 1845 1744 1894 malitia
1796 1871 1805 1882 ·

167 1925 353 1980 Dicam,
393 1928 623 1973 scientem
660 1942 723 1973 an
759 1927 1111 1989 inprudentem,
1151 1929 1358 1975 incertus
1395 1944 1514 1975 sum.
1634 1947 1682 1988 55
1724 1933 1820 1977 660

165 2014 272 2055 DE.
312 2007 444 2066 Quid
470 2009 510 2056 si
535 2008 747 2056 animam
771 2009 946 2057 debet?
1002 2016 1109 2058 GE.
1148 1999 1307 2073 ‘Ager
1333 2010 1584 2072 oppositus
1608 2011 1799 2073 pignori

168 2089 247 2138 Ob
295 2089 463 2138 decem
510 2091 666 2138 minas
714 2091 816 2139 est.'
903 2097 1012 2140 DE.
1049 2089 1390 2156 (zmpalz'ently.)
1427 2079 1534 2153 Age
1582 2107 1687 2154 age,
1726 2093 1819 2139 iarn

437 2172 606 2220 ducat:
645 2173 786 2222 dabo.

169 2261 274 2302 GE.
314 2254 600 2302 ‘Aediculae
637 2256 751 2302 item
789 2265 899 2302 sunt
935 2255 999 2302 ob
1037 2256 1205 2303 decem
1242 2253 1386 2302 alias.y
1456 2261 1563 2302 DE.
1603 2254 1744 2304 Oie's!

168 2334 384 2382 Nimium
421 2346 504 2383 est.
566 2343 673 2384 CH.
712 2336 786 2384 Ne
824 2337 1007 2385 clama:
1045 2338 1246 2399 re'petito
1282 2337 1424 2384 hasce
1458 2352 1486 2384 a
1522 2335 1600 2383 me
1638 2338 1820 2385 decem.

169 2425 273 2465 GE.
315 2417 495 2464 ‘onri
533 2419 742 2465 emunda
779 2419 1003 2467 ancsslula
1040 2426 1137 2466 est:
1174 2427 1275 2465 turn
1311 2417 1526 2480 pluscula
1629 2426 1683 2466 60
1722 2422 1818 2466 665

171 2498 469 2561 Supellectile
506 2515 630 2562 opus
667 2509 763 2548 est:
815 2501 940 2563 opus
976 2510 1048 2548 est
1085 2509 1279 2563 sumptu
1315 2500 1376 2547 ad
1412 2498 1630 2562 nuptias:

170 2582 262 2629 His
298 2580 441 2629 rebus
476 2597 604 2644 pone
642 2581 773 2640 sane,
811 2584 976 2646 inquit,
1015 2581 1181 2630 decern
1217 2581 1401 2629 minas.'

167 2670 274 2710 DE.
311 2661 545 2726 (pushz'ng
585 2662 699 2711 Geta
735 2666 861 2710 asz'de
894 2661 1140 2730 vz‘olently.)
1180 2662 1431 2711 Sescentas
1467 2663 1667 2726 proinde
1703 2665 1813 2710 scri-

441 2746 540 2793 bito
577 2746 671 2792 iam
709 2746 824 2792 mihi
861 2747 1023 2794 dicas:

170 2828 249 2875 Nil
287 2828 381 2875 do:
433 2829 678 2889 inpuratus
715 2843 793 2876 me
830 2828 905 2875 ssle
942 2839 993 2875 ut
1029 2829 1173 2876 etiam
1209 2826 1406 2874 inrideat
1425 2828 1445 2874 ?-
