1936 3138
191 146 290 184 102
837 136 1174 182 PHORMIO.
1480 139 1532 179 v.
1549 140 1574 180 2
1594 136 1673 190 [9].
1688 136 1836 190 46-63.

187 261 421 336 fgnosce:
459 282 580 332 orat,
621 273 890 331 confitetur,
928 272 1124 335 purgat:
1162 273 1279 335 quid
1315 273 1385 319 vis
1420 270 1654 334 {mplius?
1709 277 1838 320 1035

187 362 298 403 PH.
335 353 517 419 (assde.)
553 340 829 414 Enimvero,
863 355 996 417 prius
1033 370 1178 417 quam
1208 354 1327 402 haec
1365 354 1446 401 dat
1482 354 1683 413 veniam,
1722 353 1838 401 mihi

458 437 746 498 prospiciam
782 445 828 483 et
866 436 1141 484 Phaedriae.

189 518 524 584 (approachz'ng
546 520 646 565 and
663 520 937 581 addressing
959 515 1304 581 Nausistrata.)
1341 515 1480 564 Heus
1512 516 1808 565 Nausistrata&
1829 518 1839 563 Ι

460 600 589 662 priiis
638 616 785 663 quam
832 600 942 648 huic
990 600 1254 662 respondes
1300 608 1494 657 temere,
1531 598 1657 646 audi.
1725 604 1841 646 NA.

461 681 592 740 Quid
628 683 734 730 est?

189 770 302 812 PH.
339 750 449 826 Ego
484 764 640 812 minas
675 765 867 827 triginta
903 780 989 826 per
1023 762 1259 811 fallaciam
1295 764 1358 811 ab
1393 762 1503 811 11100
1539 762 1743 810 abstuli:

179 844 277 891 Eds
303 845 413 891 dedi
437 854 520 892 tuo
545 843 694 905 gneito
718 861 728 891 :
768 844 806 890 is
831 859 919 905 pro
945 859 1031 890 sua
1056 843 1309 905 Pa'imphila
1333 842 1544 891 emunda't
1569 844 1712 891 dedit.
1794 864 1846 902 50

182 931 291 975 CH.
328 926 391 990 <lo
437 927 679 982 Phormio,
722 928 949 988 angrz'ly.)
1001 925 1160 973 Hem!
1216 926 1331 988 quid
1379 928 1486 974 a'fs?
1543 932 1659 973 NA.
1707 923 1844 991 (with

450 1009 704 1069 wilherz‘ng
749 1005 995 1074 sarcasm.)
1080 1007 1256 1055 Adeon
1303 1008 1558 1069 indignum
1611 1007 1705 1055 hoc
1758 1008 1843 1055 ti'bi

452 1091 650 1148 videtur,
680 1091 805 1137 silius
1715 1094 1844 1139 1040

190 1172 363 1219 Homo
399 1173 684 1233 adulescens
721 1154 759 1221 si
796 1173 939 1221 habet
976 1189 1126 1221 unam
1162 1174 1380 1232 uxorem,
1417 1182 1468 1221 tu
1505 1173 1652 1221 senex
1690 1173 1841 1222 duas?

188 1254 272 1301 Nss
323 1254 539 1316 pudere?
593 1270 693 1318 quo
745 1255 827 1303 ore
880 1256 1013 1302 illum
1063 1255 1377 1317 obiurgz'ibis?
1430 1254 1670 1318 responde
1708 1255 1839 1302 mihi.

458 1334 698 1400 (Chremes
720 1338 910 1385 shrz‘nks
933 1354 1082 1398 away,
1108 1339 1274 1400 utterly
1297 1335 1528 1401 crus-hed.)
1905 1331 1907 1333 ¹

188 1425 296 1465 DE.
334 1417 494 1465 Fz'iciet
530 1429 582 1466 ut
617 1419 760 1466 voles.
814 1425 927 1467 NA.
967 1420 1125 1467 Immo
1161 1427 1212 1466 ut
1249 1434 1407 1466 meam
1444 1418 1540 1466 isim
1577 1419 1698 1466 scias
1734 1434 1843 1466 sen-

462 1499 675 1557 tentiam,

190 1581 364 1645 Neque
400 1598 494 1644 ego
530 1583 744 1645 ignosco,
783 1583 941 1647 neque
990 1583 1221 1647 promitto
1269 1584 1543 1646 quicquam,
1582 1598 1739 1646 neque
1774 1598 1843 1630 re-

459 1664 691 1727 spondeo,
1792 1685 1842 1725 55

190 1747 328 1794 Prius
379 1763 526 1810 quam
575 1759 776 1810 gnatum
826 1748 1018 1795 videro:
1086 1748 1188 1795 eius
1237 1748 1414 1795 iudicio
1462 1747 1686 1810 permitto
1737 1747 1843 1794 6m-

461 1830 552 1876 nia.
1714 1833 1842 1876 1045

191 1912 338 1970 Qu6d
363 1914 406 1959 'Is
431 1912 611 1959 iubebit
637 1911 823 1959 fficiam.
883 1918 994 1959 PH.
1025 1912 1198 1959 Mulier
1222 1910 1412 1973 seipiens
1437 1926 1500 1969 es,
1529 1909 1841 1957 Nausistrata.

189 2000 303 2040 NA.
343 1993 475 2041 Satin
511 1994 595 2041 tibi
631 1995 737 2041 est?
823 2001 931 2041 CH.
971 1994 1128 2042 Satis?
1176 1994 1330 2040 immo
1366 2007 1477 2039 vero
1517 1990 1714 2054 pulchre
1750 1992 1843 2039 dis-

459 2076 592 2133 cedo,
632 2075 676 2122 et
712 2077 933 2137 probe——

190 2156 353 2221 (apart
395 2164 438 2203 to
483 2158 555 2204 lhe
603 2155 852 2220 audz'ence.)
901 2144 963 2203 Et
999 2166 1185 2218 praeter
1221 2171 1370 2218 spem.
1442 2161 1558 2202 NA.
1595 2154 1675 2202 Τό
1707 2163 1841 2204 tuom

459 2254 637 2286 nomen
674 2239 777 2285 dic:
816 2239 932 2300 quid
967 2240 1071 2285 est?
1141 2244 1252 2285 PH.
1290 2237 1478 2284 Mihin?
1515 2237 1771 2284 Phormio:

190 2321 396 2367 Vostrae
420 2319 625 2367 familiae
650 2319 806 2368 hercle
832 2321 1029 2378 amicus,
1057 2320 1102 2368 et
1126 2328 1210 2368 tuo
1234 2335 1449 2367 summus
1474 2318 1752 2366 Phaedriae.
1789 2325 1843 2366 60

189 2409 304 2448 NA.
341 2401 584 2460 Phormio,
624 2412 671 2448 at
718 2418 812 2464 ego
850 2402 1038 2449 ecastor
1084 2402 1286 2463 posthac
1326 2402 1424 2457 tibi,
1474 2401 1606 2463 quod
1653 2409 1839 2463 potero,

459 2483 590 2546 quod
625 2485 757 2531 voles
1713 2486 1841 2530 1050

191 2566 477 2628 ineiamque
514 2573 559 2612 et
595 2565 764 2612 dicam.
846 2573 959 2613 PH.
995 2564 1212 2626 Benigne
1249 2565 1382 2612 dicis.
1461 2570 1577 2612 NA.
1615 2564 1703 2612 Pol
1739 2579 1840 2610 me-

460 2645 600 2694 ritum
637 2656 709 2695 est
747 2657 893 2695 tuom.

191 2739 300 2779 PH.
338 2731 437 2777 Vin
474 2730 682 2792 primum
724 2729 865 2777 hodie
901 2729 1052 2777 faicere
1101 2728 1232 2793 quod
1278 2743 1372 2791 ego
1415 2727 1670 2790 gaudeam,
1706 2727 1840 2775 Nau-

460 2813 661 2872 sistrata,
