1936 3138
205 156 275 208 62
866 162 1204 209 PHORMJO.
1487 163 1546 205 11.
1566 165 1590 204 2
1614 162 1694 217 [3].
1718 160 1866 215 38-56·

205 297 297 346 Dic
334 297 527 346 nomen.
631 304 742 346 PH.
802 297 1035 346 Nomen?
1105 297 1346 346 maxume.
1451 296 1700 361 (Phormio
1745 303 1866 359 stops

194 365 201 369 ’
479 379 694 443 abruptly
718 381 818 427 and
835 386 970 427 turns
988 381 1162 445 awcgy.)
1209 387 1315 427 DE.
1346 375 1702 446 (suspz‘cz'ously.)
1733 378 1867 438 Quid

478 460 607 510 minc
643 464 806 510 taces?
1769 463 1865 509 385

205 551 317 593 PH.
356 542 515 609 (asido,
553 544 686 591 much
721 542 985 608 disturbed.)
1057 543 1178 591 Perii
1215 543 1398 592 hercle!
1449 559 1630 592 nomen
1664 543 1863 606 perdidi.

475 632 584 674 DE.
635 626 794 673 Hem!
849 626 966 689 quid
1012 613 1120 674 ais?
1189 632 1302 673 PH.
1338 625 1508 690 (apart,
1558 627 1608 673 in
1655 642 1686 672 a
1732 626 1866 687 hasfy

477 706 714 772 whisper.)
765 708 904 767 Geta,

208 791 258 839 Si
294 790 555 838 meministi
592 790 639 837 id
675 791 810 852 quod
845 790 959 837 olim
999 790 1178 838 dictum
1214 799 1300 848 est,
1338 789 1514 839 subice.
1575 788 1795 854 (turning
1824 795 1867 836 to

477 872 704 935 Demipho
727 874 842 919 wilh
858 878 1000 934 great
1021 872 1297 937 effrontery.)
1322 872 1434 920 hem
1456 874 1464 919 !
1810 890 1863 930 40

208 954 323 1003 Non
361 956 504 1003 dico:
556 955 692 1018 quasi
729 970 830 1002 non
868 954 1013 1012 noris,
1052 963 1335 1016 temptatum
1375 953 1583 1002 advenis.
1645 1016 1650 1019 .

207 1044 314 1085 DE.
352 1035 704 1100 (indignantis)
765 1036 938 1098 Egone
1000 1034 1158 1083 alitem
1219 1038 1437 1099 tempto?
1540 1042 1645 1084 GE.
1707 1034 1778 1099 (in
1836 1051 1866 1082 a

478 1117 714 1183 whisper.)
761 1118 962 1180 Stsspho.
1033 1124 1146 1166 PH.
1183 1118 1343 1180 Atque
1379 1119 1502 1166 adeo
1538 1118 1656 1180 quid
1690 1119 1832 1165 mea?

210 1201 392 1264 Stilph6
429 1211 514 1249 est.
572 1208 681 1249 DE.
719 1200 880 1259 Quem
921 1202 1071 1248 dixti?
1140 1207 1253 1249 PH.
1292 1199 1528 1263 (shouling
1561 1201 1631 1247 the
1663 1215 1794 1246 nome
1817 1201 1866 1246 in

477 1282 899 1347 Demipho'qface.)
924 1283 1228 1346 Stilphonem
1246 1284 1440 1344 inquam
1465 1300 1474 1329 :
1509 1282 1746 1329 noveras?
1769 1284 1865 1329 390

207 1372 315 1413 ΒΕ.
355 1365 526 1429 Neque
564 1365 657 1429 ego
693 1367 826 1413 illum
865 1382 1037 1413 noram
1075 1365 1232 1427 neque
1270 1365 1336 1411 mi
1374 1361 1611 1427 cognatus
1646 1363 1733 1410 fuit

209 1447 482 1511 Quisquam
508 1450 627 1496 istoc
654 1450 866 1496 nomine.
930 1454 1042 1495 PH.
1082 1447 1151 1509 (in
1176 1464 1206 1494 a
1238 1446 1500 1508 provoking
1524 1442 1654 1510 lone.)
1691 1431 1865 1492 stane?

482 1546 580 1579 non
616 1540 662 1578 te
699 1529 872 1578 horum
909 1530 1089 1592 pudet?
1813 1547 1864 1587 45

208 1612 273 1657 At
309 1612 353 1658 si
387 1612 617 1660 talentum
656 1612 758 1659 rem
796 1611 1062 1674 reliquisset
1099 1611 1334 1659 decem——

207 1700 313 1741 ΒΕ.
352 1693 416 1740 Di
453 1695 538 1741 t1'bi
575 1695 904 1742 malefaciant!
976 1700 1087 1740 PH.
1125 1695 1309 1756 primus
1345 1707 1474 1740 esses
1509 1690 1786 1739 memoriter

209 1774 495 1837 Progeniem
520 1786 732 1824 vostram
757 1792 909 1839 usque
935 1775 997 1823 ab
1021 1791 1112 1823 avo
1137 1783 1278 1838 atque
1304 1785 1443 1822 atavo
1468 1774 1729 1835 proferens.
1769 1776 1864 1821 395

208 1863 313 1903 ΒΕ.
354 1855 627 1923 (deggedhs.)
682 1858 848 1904 Ita.1⁹1t
885 1858 1016 1905 dicis.
1076 1872 1170 1920 ego
1218 1866 1318 1904 tum
1357 1871 1507 1919 quom
1551 1854 1863 1913 advenissem,

477 1940 565 2002 qus
599 1939 716 1986 mihi

209 2019 435 2082 Cognata
471 2037 528 2068 ea
563 2031 703 2078 esset,
742 2021 980 2069 dicerem:
1031 2021 1194 2068 itidem
1231 2019 1279 2067 ui
1318 2019 1449 2068 face:
1814 2037 1866 2075 ,κο

209 2102 345 2151 Cedo
391 2103 477 2165 qus
522 2112 594 2151 est
642 2106 883 2166 cognata?
969 2110 1074 2151 GE.
1133 2105 1196 2165 (to
1242 2101 1485 2163 Demipho,
1531 2102 1747 2164 clapping
1791 2100 1866 2147 his

479 2184 665 2250 hands.)
724 2186 801 2232 Eu
854 2186 1044 2233 noster!
1109 2192 1268 2232 recte:
1316 2182 1379 2246 (to
1424 2183 1663 2240 Phormio,
1712 2187 1863 2243 apori,

481 2266 768 2331 anxzbusly.)
813 2267 932 2314 heus
968 2265 1032 2326 tu,
1071 2268 1217 2314 cave!

210 2354 321 2396 PH.
361 2346 430 2411 (in
477 2366 508 2396 a
555 2351 705 2411 loni-ly
740 2348 969 2412 manner.)
1040 2346 1259 2396 Dilucide
1306 2345 1525 2409 expedivi
1564 2346 1739 2408 quibus
1784 2361 1864 2394 me

478 2445 509 2478 o
546 2431 690 2478 ortuit

211 2512 482 2560 Iudieibus:
513 2446 632 2559 ptum
670 2513 716 2560 id
755 2513 793 2560 si
831 2512 1001 2560 falsum
1039 2512 1204 2571 fuerat,
1243 2511 1367 2558 sssius
1625 2541 1628 2545 -
1767 2514 1863 2557 400

212 2593 352 2652 Quor
383 2594 484 2640 non
518 2593 725 2640 refellit?
783 2600 891 2640 DE.
935 2590 1272 2657 (zmpatienlly.)
1314 2592 1486 2638 Fssium
1513 2590 1680 2639 narras
1712 2590 1862 2638 mihi?

213 2675 402 2733 Quoius
438 2673 495 2721 de
533 2675 726 2722 stultitia
763 2675 855 2722 dici
891 2684 942 2722 ut
979 2676 1178 2737 dignum
1213 2682 1285 2720 est
1320 2673 1420 2720 non
1455 2681 1628 2735 potest.
1811 2693 1860 2732 55

214 2763 325 2803 PH.
361 2755 661 2820 (ironically.)
709 2757 773 2803 At
819 2755 868 2803 tii
906 2754 1039 2821 (wilh
1085 2773 1114 2803 a
1151 2756 1240 2802 low
1273 2753 1404 2817 bow.)
1442 2754 1523 2816 qui
1571 2753 1763 2815 sapiens
1809 2752 1861 2800 es

483 2837 788 2900 magistratus
825 2838 917 2896 adi,
