1936 3138
207 164 278 216 60
869 166 1205 214 PHORMJO.
1516 165 1575 208 11.
1595 168 1621 207 2
1641 166 1723 222 [3].
1746 177 1862 220 1-17.
1929 166 1936 212 :¹

893 386 985 435 sc.
1023 390 1051 435 2
1092 381 1186 453 [3].

252 519 584 562 DEMIPHO
621 510 762 577 (cum
796 509 1118 576 Advocatis).
1193 516 1395 558 GETA.
1468 515 1812 559 PHORMIO.

209 621 457 686 (Demipho
497 628 656 681 enters,
687 622 923 687 followed
962 622 1019 684 by
1064 622 1140 669 his
1186 622 1308 669 three
1342 620 1556 682 friendS,
1604 620 1708 667 who
1753 619 1870 667 with

275 706 563 752 ostentatious
583 705 829 766 polileness
854 706 1034 750 remain
1070 709 1123 750 at
1155 720 1184 750 a
1216 703 1349 750 short
1370 703 1571 749 distance
1576 702 1718 764 from
1753 702 1866 760 him,

276 789 376 834 and
394 788 542 848 busily
556 788 655 834 take
678 792 799 833 noles
817 787 995 847 during
1017 787 1089 833 the
1106 787 1303 846 ensuzng
1321 785 1570 832 interview.
1642 783 1871 831 Phormio

275 870 374 915 and
396 868 512 917 Gela
536 885 617 916 are
639 874 691 915 at
710 869 781 916 the
785 871 935 931 fronl
954 867 1016 930 of
1026 868 1098 914 the
1121 872 1261 929 stage,
1288 882 1344 913 on
1370 883 1448 913 one
1471 867 1579 924 side,
1610 866 1725 912 with
1750 865 1871 912 their

276 952 412 999 backs
435 952 612 1010 turned,
629 952 908 1013 pretending
931 956 1008 997 nol
1029 954 1072 996 to
1097 951 1238 996 notice
1263 948 1336 995 the
1360 963 1461 995 new
1488 946 1694 1011 comers.)

209 1060 314 1101 DE.
352 1052 415 1117 (to
439 1055 513 1101 his
516 1051 753 1118 friends.)
777 1053 855 1100 En
880 1051 1111 1115 umquam
1139 1051 1403 1114 quoiquam
1429 1049 1824 1098 c6ntumeli6sius

207 1136 425 1183 Audistis
459 1135 639 1183 factam
673 1133 896 1182 iniuriam
932 1150 1081 1197 quam
1117 1134 1236 1181 haec
1273 1132 1344 1180 est
1379 1132 1528 1179 mihi?

208 1217 388 1266 Adeste
425 1233 622 1280 quaeso.
685 1224 790 1265 GE.
827 1214 990 1282 (apart
1026 1221 1068 1262 lo
1114 1211 1380 1277 Phormio.)
1416 1213 1572 1262 Iratus
1609 1221 1693 1262 est.
1757 1219 1869 1261 PH.

479 1297 674 1364 (apart.)
712 1299 846 1358 Quin
883 1307 934 1346 tu
971 1297 1062 1345 h6c
1099 1313 1205 1360 age.
1769 1299 1867 1344 350

209 1382 315 1430 Iam
351 1397 445 1444 ego
481 1380 610 1429 hunc
647 1382 857 1444 agitabo.
931 1378 1170 1443 (speaking
1194 1381 1242 1425 in
1281 1395 1311 1425 a
1344 1378 1456 1425 loud
1486 1378 1587 1425 and
1619 1378 1873 1440 indignant

479 1470 576 1511 lone
602 1480 652 1511 so
682 1480 737 1510 as
764 1469 807 1510 lo
837 1464 887 1510 be
910 1462 1167 1510 overheard
1189 1462 1245 1522 oy
1267 1459 1532 1524 Demipho.)
1603 1459 1696 1508 Pr6
1725 1459 1869 1508 deum

481 1545 807 1594 inmortalium
828 1547 838 1593 1

210 1628 371 1692 Negat
407 1627 643 1677 Phanium
678 1643 783 1675 esse
819 1626 945 1674 hanc
982 1626 1071 1674 sibi
1108 1632 1367 1688 cognatam
1403 1622 1685 1687 Demipho?
1845 1642 1867 1682 5

211 1711 356 1759 Hanc
391 1709 637 1773 Demipho
673 1717 817 1772 negat
854 1708 959 1756 esse
995 1705 1287 1769 cognatam?
1367 1713 1472 1754 GE.
1509 1705 1684 1768 Negat.

210 1799 316 1842 DE.
354 1791 424 1858 (in
456 1809 518 1839 an
550 1793 794 1839 underlone
818 1797 862 1837 lo
890 1791 963 1838 his
981 1783 1216 1854 friends.)
1254 1789 1420 1852 Ipsum
1457 1787 1562 1835 esse
1599 1787 1774 1850 opinor
1809 1785 1869 1833 de

482 1886 581 1934 quo
640 1871 860 1933 agebam.
922 1868 1191 1931 sequimini.
1252 1866 1375 1933 (they
1433 1867 1688 1929 cautious-‚ly
1746 1881 1870 1912 move

483 1954 733 2000 somewhat
763 1948 963 2015 nearer.)

212 2041 324 2082 PH.
361 2034 534 2097 Neque
551 2036 654 2082 esus
669 2042 854 2097 patrem
871 2049 920 2081 se
938 2033 1059 2080 scire
1076 2031 1158 2095 qui
1177 2030 1351 2078 fuerit?
1412 2036 1518 2078 GE.
1555 2029 1731 2092 Negat.
1772 2034 1867 2078 355

211 2123 324 2164 PH.
362 2116 492 2175 Quia
527 2116 676 2178 egens
712 2117 875 2165 relicta
911 2124 983 2164 est
1019 2116 1208 2173 misera,
1246 2111 1494 2175 ignoratur
1528 2127 1717 2175 parens,
1820 2130 1870 2159 10

212 2197 500 2261 Neglegitur
536 2199 669 2261 ipsa:
718 2198 826 2246 vide
862 2197 1058 2245 avaritia
1093 2196 1210 2259 quid
1244 2195 1382 2243 facit!

215 2287 320 2328 GE.
359 2278 493 2344 (with
527 2280 717 2342 affected
741 2276 1068 2343 indignation.)
1141 2276 1191 2324 Si
1226 2292 1364 2324 erum
1399 2274 1697 2324 insimulabis
1733 2273 1868 2323 mali-

484 2362 591 2420 tiae,
630 2362 754 2410 male
791 2359 968 2408 audies.

213 2450 322 2491 DE.
359 2440 553 2509 (apart.)
593 2443 638 2491 O
676 2443 952 2492 audaciam!
1000 2442 1145 2489 etiam
1191 2455 1270 2488 me
1310 2437 1436 2487 ultro
1472 2447 1748 2487 accusatum
1785 2436 1869 2485 ad-

483 2527 623 2573 venit.
1771 2523 1869 2568 360

213 2613 325 2657 PH.
364 2606 493 2654 Nam
530 2609 625 2655 iarn
663 2606 958 2655 adulescenti
996 2605 1063 2652 nss
1099 2613 1170 2652 est
1205 2603 1338 2667 quod
1374 2601 1698 2662 suscenseam,

215 2690 263 2737 Si
300 2688 432 2736 illum
470 2689 627 2736 minus
665 2697 832 2736 norat:
883 2689 1062 2751 quippe
1099 2687 1249 2734 homo
1284 2686 1381 2732 iam
1417 2684 1659 2747 grfindior,
1821 2702 1867 2743 15

215 2772 415 2836 Pauper,
454 2773 567 2836 quoi
605 2773 654 2819 in
691 2787 837 2834 opere
874 2772 970 2818 vita
1007 2779 1120 2828 erat,
1161 2770 1260 2816 ruri
1293 2768 1391 2815 fere

216 2856 276 2904 Se
313 2856 620 2904 c6ntinebat:
671 2855 737 2902 sbi
773 2869 942 2917 agrum
981 2853 1040 2900 de
1077 2851 1246 2900 nostr6
1281 2859 1418 2914 patre
