1936 3138
13 0 65 410 ἔ

23 114 46 183 55
106 150 142 192 1.
161 151 202 190 2.
227 160 373 202 15-42.
770 147 1110 193 PHORMIO.
1693 155 1764 207 45

104 294 219 337 DA.
277 287 406 336 Tam
472 285 622 351 quam
690 293 751 334 te.
838 268 961 333 GE.
1020 285 1193 333 Evenit
1260 284 1456 333 senibus
1526 283 1766 333 ambobus

374 368 517 417 Simul
1627 386 1671 427 15
1701 370 1763 413 65

105 449 204 498 Iter
238 450 307 498 ssli
342 452 390 500 in
427 449 672 519 Lemnum
707 456 761 496 ut
795 446 936 506 esset,
974 457 1140 496 nostro
1177 448 1227 495 in
1263 447 1481 496 Cssiciam

47 532 50 533 ⁷
103 532 184 580 Ad
217 531 458 595 h6spitem
492 531 772 602 antiquom:
809 530 850 577 is
887 545 1055 578 senem
1089 545 1175 593 per
1209 530 1438 593 epistulas

104 613 323 673 Pellexit,
359 614 508 663 modo
543 627 645 661 non
680 611 862 659 montis
898 611 1001 658 auri
1037 612 1283 674 pollicens.

104 702 216 746 DA.
256 695 389 756 Quoi
424 695 557 744 tanta
593 703 695 743 erat
730 709 806 742 res
842 694 888 742 et
926 695 1203 756 supererat?
1277 701 1383 744 GE.
1422 694 1657 742 Desinas:

4 801 10 845 ς
35 820 41 851 5
108 778 187 827 Sic
223 778 297 827 est
329 778 592 841 ingenium.
662 783 774 826 DA.
813 775 951 840 (wilh
985 793 1049 824 an
1083 782 1275 840 attempt
1303 783 1357 824 al
1379 783 1525 839 great
1549 775 1765 841 degrm'ly.)

376 860 451 910 Ol
487 859 653 922 regem
689 874 768 906 me
805 874 912 907 esse
948 858 1172 922 oportuit.
1622 878 1672 907 20
1702 864 1765 907 70

13 983 21 990 .,
107 949 213 992 GE.
250 941 502 992 Abeuntes
542 943 689 989 ambo
726 941 804 990 hic
841 939 944 988 tum
981 957 1120 990 senes
1156 957 1236 990 me
1273 941 1383 989 fssiis

106 1024 407 1087 Relinquont
442 1024 580 1087 quasi
615 1024 915 1086 magistrum.
984 1030 1097 1071 DA.
1137 1023 1182 1072 O
1208 1022 1361 1072 Getal
1398 1024 1700 1086 provinciam

3 1103 39 1174 ἷζ
106 1106 290 1170 Cepisti
324 1106 509 1154 duram.
582 1111 689 1153 GE.
731 1104 804 1152 Mi
840 1103 955 1153 usus
990 1106 1131 1163 venit,
1168 1105 1262 1153 hoc
1298 1106 1428 1154 scio:

19 1207 27 1254 j
106 1188 315 1236 Memini
347 1187 552 1251 relinqui
589 1186 668 1235 me
706 1187 799 1235 deo
834 1188 957 1235 irato
994 1203 1119 1236 meo.

105 1270 260 1334 Coepi
294 1270 537 1319 advorsari
573 1270 761 1332 primo:
799 1270 914 1332 quid
950 1271 1108 1318 verbis
1143 1271 1341 1333 opu'st?
1624 1291 1672 1330 ²5
1703 1276 1764 1318 75

108 1352 224 1401 Seni
245 1352 395 1400 fidelis
420 1350 536 1399 dum
561 1367 682 1410 sum,
703 1351 928 1414 scapulas
947 1351 1144 1414 perdidi.
1165 1351 1387 1415 (rubbz'ng
1404 1353 1478 1400 lu’s
1491 1351 1766 1416 shoulders.)

104 1441 216 1483 DA.
254 1433 447 1482 Venere
483 1434 532 1480 in
567 1443 781 1481 mentem
810 1434 877 1480 mi
913 1435 1088 1482 istaec:
1127 1449 1338 1497 namque
1374 1435 1563 1482 inscitia
1599 1443 1670 1482 est

104 1516 378 1564 Advorsum
413 1515 659 1563 stimulum
696 1513 880 1563 calaes!
953 1521 1058 1564 GE.
1099 1515 1253 1578 Coepi
1289 1515 1358 1563 eis
1394 1515 1557 1563 omnia

106 1598 298 1657 Facere,
334 1597 536 1660 obsequi
572 1612 696 1660 quae
733 1596 921 1645 vellent.
991 1603 1103 1646 DA.
1145 1597 1283 1645 Scisti
1318 1598 1391 1644 uti
1425 1596 1545 1645 foro.

21 1726 40 1742 Ἴ,
106 1686 212 1729 GE.
248 1678 426 1728 Noster
449 1679 561 1726 mali
585 1679 653 1726 nil
677 1680 939 1742 quicquam
969 1680 1155 1742 pn'mo:
1195 1679 1440 1742 (pointing
1462 1685 1505 1726 lo
1534 1678 1764 1728 Chremes'

374 1759 546 1825 house.)
581 1760 659 1808 hic
696 1760 932 1808 Phaedria
1624 1781 1676 1820 30
1701 1766 1765 1810 80

33 1859 37 1865 ·
107 1843 354 1893 Continuo
389 1842 637 1907 quandam
674 1842 844 1891 nactus
878 1850 951 1891 est
985 1842 1264 1908 puellulam,

27 1943 31 1946 ·
105 1924 480 1974 Cithar1striam:
519 1925 645 1973 hanc
681 1924 845 1973 amare
880 1926 1043 1988 coepit
1079 1924 1277 1989 perdite.

29 2007 31 2011 ’
105 2006 179 2055 Ea
213 2007 398 2055 homini
434 2006 668 2055 serviebat
704 2007 1061 2069 inpurissumo:

105 2087 276 2152 Neque
311 2088 443 2153 quod
479 2089 670 2136 daretur
707 2090 1002 2152 qulequam:
1041 2089 1089 2136 id
1123 2088 1346 2137 curarant
1380 2096 1553 2152 patres.

108 2169 337 2220 Restabat
386 2169 516 2218 aliud
568 2169 637 2217 nss
690 2170 782 2218 nisi
829 2170 997 2218 oculos
1043 2169 1256 2234 pascere,
1299 2171 1650 2235 (caricaturz'ng
1693 2171 1766 2218 the

375 2254 589 2301 atlz'ludes
611 2254 712 2301 and
729 2259 993 2301 movements
1016 2255 1079 2318 of
1088 2255 1161 2301 the
1184 2253 1400 2302 love-st'ck
1404 2252 1594 2318 youth.)
1623 2273 1671 2315 35
1700 2259 1762 2302 85

26 2354 30 2359 ·
106 2334 299 2393 sectari,
336 2337 386 2383 in
422 2336 590 2384 ludum
628 2334 803 2384 ducere
839 2344 886 2383 et
923 2333 1199 2383 redducere.

107 2414 212 2466 Nos
246 2417 389 2466 otiosi
425 2417 626 2481 operam
662 2417 898 2465 dabamus
934 2416 1210 2464 Phaedriae.

105 2497 166 2547 In
199 2513 298 2564 quo
332 2499 450 2548 ha‘ec
488 2499 701 2548 discebat
736 2497 866 2553 ludo,
903 2498 1221 2547 exadvorsum
1258 2498 1369 2547 ssico

3 2590 35 2626 1,
107 2578 373 2630 Tonstrina
410 2590 510 2630 erat
546 2581 800 2645 quaedam,
836 2580 913 2629 hsc
949 2578 1222 2630 solebamus
1259 2580 1353 2629 sere

15 2694 34 2723 5
106 2659 395 2727 Plerumque
430 2677 539 2711 eam
575 2663 798 2726 opperiri,
837 2663 954 2710 dum
990 2662 1100 2710 inde
1137 2662 1224 2711 iret
1258 2662 1470 2710 domum.
1621 2682 1675 2722 40
1700 2668 1763 2711 90

17 2731 27 2764 Ᾰ
107 2741 297 2792 Interea
331 2745 447 2794 dum
484 2743 712 2793 sedemus
747 2745 826 2810 illi,
863 2743 1112 2792 intervenit

4 2812 33 2877 ῥζ
106 2820 404 2873 Adulescens
438 2824 635 2888 quidam
667 2822 972 2873 lacrumans:
1010 2839 1101 2872 nos
1132 2823 1357 2872 mirarier.
