1936 3138
220 170 292 223 66
882 178 1219 224 PHORMJO.
1340 179 1882 234 11.3[4].19-4.[111.1.]7.

493 311 986 378 tronz‘cal'polz'teness.)
1043 321 1152 362 DE.
1190 313 1391 362 Fecistis
1416 316 1583 377 probe.
1651 312 1743 379 (the
1760 317 1883 362 three

494 398 732 443 advocates
756 396 855 443 bow
878 396 1134 443 themselves
1157 394 1267 460 out.)

221 475 590 542 (despazb‘z'nghae.)
629 477 866 525 Incertior
904 493 1011 525 sum
1047 476 1200 525 multo
1237 493 1384 539 quam
1421 476 1618 526 dudum.
1665 477 1883 543 (re-enter
1917 517 1918 520 ,

497 559 652 623 Geta.)
723 566 829 607 GE.
873 558 1069 621 Negant

223 641 440 689 Redisse.
511 649 618 690 DE.
656 639 899 706 (speaking
921 648 963 688 lo
987 640 1208 705 himself.)
1268 641 1432 688 Frater
1455 640 1529 688 est
1553 640 1882 704 expectandus
1918 631 1919 634 Ἴ

493 723 640 770 mihi:
1345 759 1347 762 ι
1698 743 1749 770 20
1786 728 1882 771 460

222 807 270 854 Is
306 806 440 869 quod
476 806 592 853 mihi
630 806 813 854 dederit
851 806 909 853 de
947 804 1037 852 hac
1074 821 1121 852 re
1159 804 1428 862 consilium,
1469 804 1519 851 id
1556 819 1740 866 sequar.

223 889 567 936 Percontatum
606 890 688 936 ibo
737 889 798 935 ad
844 887 1053 950 portum,
1090 886 1252 950 quoad
1300 901 1350 933 se
1403 885 1612 948 recipiat.
1651 883 1775 950 (exit
1818 892 1881 933 to—

494 972 656 1018 wards
679 966 948 1030 Pez'raeus.)

225 1058 330 1100 GE.
378 1052 443 1098 At
478 1067 572 1115 ego
619 1040 950 1114 Antiphonem
998 1050 1243 1113 quaeram,
1280 1058 1333 1096 ut
1368 1065 1491 1112 quae
1534 1059 1642 1096 acta
1676 1049 1752 1096 hic
1789 1051 1882 1096 sint
1923 1093 1927 1098 .

496 1134 626 1181 sciat.

226 1214 322 1263 Sed
359 1218 526 1263 eccum
563 1216 723 1277 ipsum
761 1214 900 1262 video
938 1215 987 1261 in
1024 1213 1242 1276 tempore
1279 1212 1374 1261 huc
1410 1228 1461 1260 se
1498 1212 1721 1275 recipere.

832 1540 922 1589 sc.
961 1546 1005 1589 4.
1079 1537 1191 1606 [ΠΙ.
1233 1537 1297 1607 1.]

757 1668 1094 1712 ANTIPHO.
1167 1670 1364 1712 GE'I'A.

385 1772 558 1837 (Enter
580 1773 790 1835 Antzpho
812 1775 1144 1835 solz'loquzlrz'ng‚
1172 1774 1368 1820 wz'llzout
1386 1775 1540 1835 seez'ng
1569 1771 1720 1837 Geta.)

225 1883 340 1925 AN.
378 1863 654 1934 Enimvero,
690 1876 922 1938 Antipho,
959 1876 1251 1923 multimodis
1288 1891 1398 1923 cum
1449 1875 1570 1923 istoc
1618 1875 1782 1922 animo
1829 1866 1890 1922 es*

496 1958 836 2021 vituperandus
855 1975 865 2005 :
1785 1960 1879 2004 465

225 2027 363 2088 stane
415 2049 461 2087 te
514 2041 626 2088 hinc
677 2041 837 2088 abisse
886 2049 933 2088 et
981 2040 1124 2087 vitam
1172 2038 1304 2087 tuam
1352 2038 1602 2086 tutandam
1650 2038 1751 2086 aliis
1798 2038 1879 2085 de-

499 2122 653 2170 disse!

227 2193 363 2253 Alios
418 2213 552 2252 tuam
601 2220 703 2252 rem
751 2204 989 2252 credidisti
1037 2202 1191 2266 magis
1239 2217 1385 2266 quam
1433 2210 1527 2250 tete
1574 2200 1879 2249 animadvor-

498 2287 668 2334 suros?

228 2367 357 2415 Nam
393 2365 444 2414 lit
481 2376 533 2415 ut
569 2377 705 2415 erant
742 2368 850 2427 alia,
888 2368 953 2415 illi
1001 2377 1126 2415 certe
1163 2364 1285 2429 quae
1332 2381 1462 2413 nunc
1509 2365 1594 2413 tibi
1637 2365 1773 2412 domi
1808 2374 1879 2412 est

498 2450 787 2508 consuleres,

230 2531 306 2579 Ne
342 2531 459 2593 quid
493 2542 687 2593 propter
723 2531 854 2579 tuam
892 2532 1034 2579 fidem
1072 2530 1275 2593 decepta
1309 2527 1553 2592 poteretur
1590 2528 1732 2575 mali:
1855 2547 1876 2585 5

230 2612 420 2672 Quoius
456 2628 584 2660 nunc
621 2614 823 2662 miserae
861 2613 971 2676 spes
1008 2628 1221 2676 opesque
1264 2610 1374 2659 sunt
1408 2612 1459 2658 in
1494 2620 1539 2658 te
1574 2625 1674 2658 uno
1710 2608 1879 2657 omnes

501 2694 630 2742 sitae.
1783 2695 1878 2737 470

232 2782 337 2824 GE.
373 2773 688 2840 (advancing.)
724 2777 788 2823 Et
830 2777 1040 2839 quidem,
1085 2791 1177 2834 ere,
1215 2790 1306 2822 nos
1352 2774 1448 2821 iam
1496 2771 1678 2821 dudum
1721 2771 1798 2818 hic
1835 2780 1878 2818 te

502 2859 751 2906 absentem
789 2860 1079 2915 incusamus,
1116 2857 1198 2920 qui
1234 2855 1418 2904 abieris.
