1936 3138
569 368 1252 487 PHORMIQ

829 584 985 610 ——4—

727 701 1110 754 PROLOGVS.

86 835 352 909 Postquam
386 841 533 900 poeta
566 834 703 884 vetiis
737 840 935 899 poe‘tam
969 833 1071 882 non
1106 840 1265 896 potest

88 919 350 969 Retrahere
385 919 449 967 ab
484 917 641 967 studio
676 925 724 965 et
761 915 945 964 tradere
979 915 1229 963 hominem
1264 915 1314 962 in
1349 912 1519 972 otium,

88 1001 362 1050 Maledictis
396 999 634 1049 deterrere
669 1015 731 1047 ne
769 997 946 1046 scribat
975 1006 1138 1060 parat:

2 1100 4 1103 ’
88 1083 189 1144 Qui
222 1084 289 1132 ita
324 1083 522 1142 dictitat,
561 1096 682 1145 quas
718 1079 921 1148 antehac
958 1079 1069 1127 fecit
1104 1078 1306 1137 fabulaS,

13 1167 25 1188 “’
89 1165 252 1215 Tenui
286 1163 392 1213 esse
427 1163 649 1212 orati6ne
684 1171 731 1211 et
767 1160 1000 1225 scriptura
1036 1161 1152 1209 levi:

91 1246 222 1308 Quia
256 1245 497 1310 nusquam
532 1246 757 1293 insanum
793 1244 979 1306 scripsit
1014 1240 1425 1291 adulescentulum

90 1326 292 1377 Cervam
329 1329 491 1378 videre
527 1326 692 1390 fugere
728 1335 776 1375 et
812 1326 986 1374 sectari
1018 1339 1163 1373 canes

90 1410 153 1458 Et
187 1410 294 1459 eam
331 1410 534 1473 plorare,
565 1408 700 1457 orare
734 1417 788 1456 ut
822 1406 1069 1455 subveniat
1105 1406 1208 1454 sibi.

92 1492 245 1552 Quod
281 1492 321 1540 si
358 1491 668 1554 intellegeret,
705 1490 856 1554 qu6m
893 1495 1015 1538 stetit
1050 1489 1166 1537 olim
1201 1501 1340 1546 nova,

92 1575 286 1642 Actoris
321 1589 472 1637 opera
507 1572 664 1636 magis
699 1573 884 1621 stetisse
921 1571 1068 1635 quam
1106 1585 1206 1630 sua,

96 1655 263 1704 Minus
299 1654 453 1709 multo
489 1655 728 1713 audacter,
765 1653 911 1718 quam
947 1668 1078 1701 nunc
1112 1651 1271 1710 laedit,
1307 1648 1531 1698 laederet.

94 1738 242 1787 Nunc
278 1739 321 1786 si
354 1739 462 1801 quis
497 1746 583 1796 est,
621 1738 702 1801 qui
737 1736 832 1785 hoc
867 1736 994 1784 dicat
1029 1744 1110 1783 aut
1145 1734 1212 1782 sic
1248 1732 1455 1795 cogitet:

92 1820 270 1869 ‘Vetiis
305 1821 348 1869 si
380 1826 526 1884 poe‘ta
561 1819 661 1867 non
695 1818 962 1867 lacessisset
996 1818 1138 1881 prior,

93 1901 295 1951 Nullum
331 1902 543 1950 invenire
579 1901 836 1970 prologum
871 1899 1037 1963 posset
1073 1913 1240 1956 novos,

93 1983 255 2045 Quem
293 1984 484 2042 diceret,
521 1984 611 2031 nisi
648 1981 841 2030 haberet
880 1982 957 2030 cui
994 1981 1119 2029 male
1156 1977 1394 2029 diceret:'

92 2066 143 2116 Is
177 2067 266 2114 sibi
303 2081 588 2129 responsum
632 2065 725 2113 hoc
763 2063 952 2121 habeat,
988 2063 1037 2110 in
1073 2063 1236 2111 medio
1273 2061 1499 2110 6mnibus

95 2147 315 2196 Palmam
350 2147 456 2196 esse
491 2148 713 2211 positam,
751 2146 831 2209 qui
869 2145 1018 2193 artem
1057 2153 1259 2193 tractent
1293 2141 1541 2192 musicam.
1625 2194 1629 2198 ,

95 2227 180 2278 Ille
214 2229 276 2279 ad
316 2229 495 2278 samem
531 2229 660 2277 hunc
695 2230 757 2276 ab
796 2226 956 2276 studio
994 2227 1172 2274 studuit
1208 2227 1413 2274 reicere:

95 2310 193 2361 Hic
229 2311 523 2375 respondere
559 2311 721 2370 voluit,
759 2325 860 2358 non
896 2308 1142 2357 lacessere.

97 2391 374 2442 Benedictis
409 2393 448 2440 si
484 2391 724 2449 certasset,
762 2390 973 2438 audisset
1010 2391 1162 2439 bene:

97 2474 246 2535 Quod
282 2475 344 2522 ab
382 2474 463 2522 illo
499 2474 714 2521 adlatum
751 2482 837 2531 est,
870 2472 919 2518 id
956 2473 1043 2518 sibi
1082 2470 1300 2519 rellatum
1337 2481 1485 2535 putet.

95 2555 172 2606 De
211 2556 292 2605 i116
329 2558 423 2604 iam
461 2556 605 2603 finem
643 2554 815 2603 faciam
852 2553 1050 2602 dicundi
1079 2552 1211 2611 mihi,

6 2648 25 2687 ς’
99 2637 339 2688 Peccandi
375 2653 524 2701 quom
560 2637 662 2699 ipse
699 2635 758 2684 de
794 2651 845 2683 se
882 2635 1027 2683 finem
1063 2635 1164 2682 non
1200 2633 1324 2682 facit.

99 2718 245 2768 Nunc
281 2720 399 2782 quid
434 2719 575 2767 velim
612 2718 828 2766 animum
866 2716 1105 2765 attendite.
1143 2714 1349 2778 adporto
1384 2728 1559 2762 novam

5 2813 40 2818 ··
97 2800 546 2864 Epidicazomenon
583 2799 730 2863 quam
766 2807 937 2847 vocant
971 2797 1275 2846 comoediam

1687 1570 1747 1614 10

1692 1982 1751 2025 15

1689 2391 1752 2434 20

1690 2796 1752 2840 25
