1936 3138
181 135 248 200 98
504 205 517 222 ·
844 143 1180 186 PHORMJO.
1474 147 1528 187 V.
1546 149 1568 186 1
1587 145 1667 199 [8].
1686 155 1832 200 75-93.

175 285 286 326 PH.
325 277 525 343 (having
571 280 826 327 overheard
869 280 941 327 the
976 281 1228 342 preceding
1281 278 1628 345 conversation.)
1695 281 1832 329 Itane

445 359 584 422 agitis
621 362 854 408 mecum?
903 359 1018 408 satis
1054 370 1205 409 astute
1242 361 1573 424 adgredimini.
1784 379 1830 422 75

177 440 290 488 Non
328 440 486 489 hercle
521 457 580 489 ex
618 458 669 490 re
705 443 839 490 istius
876 458 955 490 me
993 442 1240 505 instigasti,
1278 443 1536 506 Demipho.

173 523 270 570 Ain
305 525 390 571 tu?
430 522 508 570 1'1bi
546 540 672 586 quae
709 525 914 572 lubitum
950 523 1085 572 fuerit
1120 541 1318 588 peregre
1357 525 1534 584 seceris,
1733 531 1830 574 970

175 604 347 667 Neque
386 606 528 652 husus
565 607 628 653 sis
665 607 841 654 veritus
877 606 1085 654 feminae
1122 607 1389 670 primariae,

174 686 307 745 Quin
343 688 470 736 n6v6
509 689 660 736 modo
698 693 747 736 e's
784 688 964 737 faceres
1001 689 1357 747 contumeliam,

174 768 356 817 Venias
392 786 519 817 nunc
557 771 782 832 precibus
818 769 1001 818 lautum
1037 769 1289 832 peccatum
1325 773 1498 819 tuom?
1777 781 1830 818 80

177 851 325 899 Hisce
363 851 456 914 ego
491 852 622 899 {llam
662 852 799 900 dictis
837 854 902 900 1'ta
940 853 1022 900 tibi
1059 853 1303 901 incensam
1340 853 1482 912 dabo,

175 932 240 979 Vt
277 932 337 981 ne
374 934 654 997 restinguas.
693 933 915 982 lacrumis
953 936 990 982 si
1026 934 1321 982 extillaveris.
1731 939 1828 983 975

174 1021 281 1062 DE.
321 1013 574 1079 (stampz'ng
609 1017 723 1063 zoeth
759 1014 907 1081 roge.)
959 1015 1178 1063 Malum!
1237 1017 1368 1079 quod
1406 1017 1480 1064 isti
1528 1016 1578 1063 d1'
1615 1017 1828 1078 deaeque

445 1097 617 1145 omnes
653 1098 801 1146 duint.

175 1178 401 1227 Tantane
438 1179 678 1227 adfectum
716 1179 1012 1243 quemquam
1050 1196 1156 1228 esse
1191 1180 1441 1228 hominem
1478 1180 1705 1229 audacia!

175 1260 289 1308 Non
328 1261 419 1309 h6c
456 1262 711 1324 publicitus
749 1262 903 1309 scelus
939 1262 1050 1310 hinc
1088 1262 1375 1325 asportarier
1774 1273 1825 1322 85

175 1343 232 1388 In
269 1343 395 1390 s6las
419 1346 598 1391 terras!
650 1350 760 1391 CH.
790 1342 1144 1409 (tremulously.)
1180 1330 1239 1391 sn
1267 1345 1316 1391 td
1343 1344 1560 1392 redactus
1587 1343 1693 1392 stim
1718 1345 1825 1399 loci,

174 1424 239 1471 Vt
263 1425 381 1487 quid
406 1440 548 1487 agam
579 1441 691 1473 cum
722 1426 802 1474 illo
836 1425 1050 1474 nesciam
1083 1441 1317 1488 prorsum.
1377 1433 1483 1474 DE.
1521 1425 1825 1491 (vehementhae,

443 1509 605 1570 ttying
629 1515 671 1555 to
694 1510 807 1556 seiae
830 1510 941 1556 hold
960 1509 1019 1571 (ff
1029 1506 1295 1571 Phormio.)
1332 1495 1441 1569 Ego
1480 1509 1605 1556 scio:
1731 1513 1827 1568 980

173 1588 230 1634 In
267 1587 339 1636 itis
375 1604 554 1636 eamus.
626 1597 736 1637 PH.
787 1575 846 1636 sn
895 1591 1004 1638 ius?
1053 1589 1259 1654 (moving
1293 1591 1497 1637 towards
1532 1591 1604 1636 the
1638 1591 1746 1638 door
1781 1592 1842 1654 (ff

447 1669 675 1719 Chremes’
701 1669 870 1735 house.)
906 1671 1013 1728 huc,
1052 1673 1089 1718 si
1126 1671 1243 1733 quid
1278 1671 1421 1719 lubet.

170 1758 278 1800 DE.
315 1751 580 1816 (hastening
614 1754 817 1800 towards
855 1754 931 1800 his
969 1770 1070 1800 own
1113 1752 1283 1818 house.)
1325 1752 1623 1816 Adsequere‚
1660 1755 1826 1812 retine,

442 1826 558 1882 dr'nn
594 1851 689 1896 ego
725 1835 817 1882 huc
855 1850 1015 1883 servos
1051 1835 1217 1883 evoco.

173 1922 281 1963 CH.
320 1914 391 1980 (in
418 1922 563 1979 great
575 1918 712 1981 sear,
749 1922 827 1963 not
870 1919 1119 1978 venturing
1154 1924 1197 1964 to
1231 1918 1362 1964 touch
1397 1917 1626 1964 Phormio
1659 1916 1825 1982 alone.)

439 1999 587 2045 EnTm
636 1998 827 2062 nequeo
878 1999 1039 2047 solus:
1103 1997 1313 2046 adcurre.
1386 1997 1634 2061 (Demipho
1690 2002 1826 2047 seizes

440 2081 552 2127 hold
569 2081 629 2142 (ff
637 2081 864 2129 Phormio
888 2082 987 2127 and
1013 2082 1122 2127 tries
1153 2086 1195 2127 to
1228 2082 1351 2142 drag
1381 2081 1476 2127 him
1506 2079 1653 2145 back.)
1711 2088 1824 2130 PH.

440 2160 764 2227 (struggling.)
802 2162 913 2210 Vna
949 2160 1118 2210 iniuria
1154 2170 1225 2210 est
1771 2182 1825 2223 90

170 2242 371 2292 Tecum.
444 2250 554 2291 CH.
604 2243 802 2310 (seizing
845 2244 1076 2291 Phormio
1123 2245 1179 2304 by
1219 2245 1293 2291 his
1329 2244 1453 2290 other
1499 2242 1639 2308 arm.)
1694 2245 1824 2308 Lege

441 2327 570 2388 agito
606 2342 736 2390 ergo.
807 2331 918 2374 PH.
959 2314 1124 2374 Altera
1159 2334 1231 2373 est
1267 2323 1442 2382 tectim,
1481 2325 1704 2375 Chreme.

169 2407 233 2472 <A
264 2409 432 2455 violent
455 2410 665 2470 struggle
699 2425 854 2455 ensues
872 2426 894 2463 ,·
934 2409 1005 2455 the
1035 2414 1124 2455 two
1156 2409 1234 2455 old
1261 2424 1358 2454 men
1390 2413 1468 2454 not
1499 2408 1631 2470 being
1663 2415 1825 2471 strong

237 2491 412 2551 enough
445 2496 488 2536 to
519 2490 642 2551 drag
672 2490 898 2536 Phormio
926 2505 1077 2550 away,
1103 2491 1203 2536 and
1232 2489 1459 2536 Phormio
1494 2489 1628 2551 being
1662 2491 1825 2538 unable

236 2578 277 2618 to
292 2573 414 2633 gain
439 2571 510 2617 the
533 2572 644 2618 door
668 2572 730 2632 (ff
744 2570 972 2619 Chremes'
999 2569 1169 2635 house.)

168 2660 274 2700 DE.
304 2653 439 2715 Rape
455 2650 594 2700 hunc.
632 2659 742 2700 PH.
772 2652 847 2700 Sic
865 2653 1037 2714 agitis?
1063 2653 1308 2700 entmvero
1322 2651 1439 2700 voce
1454 2661 1524 2700 est
1543 2667 1692 2715 opus:
1724 2658 1820 2702 985

170 2733 440 2799 (shouting.)
478 2733 806 2781 Nausistrata!
846 2735 936 2781 exi,
1009 2740 1117 2782 CH.
1157 2734 1227 2783 Os
1264 2734 1495 2796 6pprime.
1555 2741 1664 2782 DE.
1702 2733 1815 2798 (try-

437 2818 521 2878 ing
552 2818 599 2862 in
624 2818 735 2862 vain
759 2822 801 2862 to
828 2822 916 2876 put
943 2817 1017 2863 his
1043 2816 1175 2863 hand
1201 2831 1306 2863 over
1333 2816 1602 2863 Phormio's
1630 2814 1820 2878 mouth.)

352 2924 360 2928 -
439 2896 671 2960 Inpurum
707 2897 829 2956 vide,
