1936 3138
177 165 245 220 74
844 158 1182 202 PHORMJO.
1422 157 1834 212 111[1V].1.1-19.
1899 0 1936 182 1

1911 169 1936 368 ἔ

556 452 963 520 ACTVS
1056 452 1171 517 111
1251 447 1456 539 [Ν]
1917 341 1936 511 Ξ..

922 666 1016 714 SC.
1061 670 1100 713 1.

626 818 975 861 DEMIPHO.
1049 817 1396 859 CHREMES.

182 919 356 985 (Enler
379 922 608 985 Demipho
633 924 732 970 and
753 922 971 971 Chremes
975 923 1119 986 from
1148 922 1224 968 the
1259 921 1501 968 Pez'raeus.
1579 919 1629 967 T
1621 921 1673 967 he
1709 921 1844 967 latter

569 1021 721 1052 wears
745 1022 775 1051 a
799 1006 1053 1066 travellzbzg
1075 1005 1202 1051 cloak
1224 1004 1324 1050 and
1342 1002 1460 1068 hal.)

183 1113 290 1154 DE.
328 1106 492 1165 Quid?
530 1106 626 1170 que
658 1107 898 1169 profectus
928 1106 1073 1154 causa
1103 1106 1213 1154 hinc
1248 1121 1300 1153 es
1333 1103 1590 1163 Lemnum,
1619 1103 1841 1162 Chreme,

183 1187 432 1235 Adduxtin
467 1197 629 1236 tecum
665 1189 846 1236 filiam?
916 1195 1024 1236 CH.
1062 1188 1191 1235 Non.
1261 1194 1367 1235 DE.
1405 1186 1540 1246 Qui'd
1575 1187 1638 1234 ita
1674 1187 1808 1234 non?

187 1277 295 1318 GH.
334 1269 597 1332 Postquam
633 1269 760 1318 videt
795 1285 874 1317 me
911 1270 1014 1317 eius
1049 1269 1203 1317 meter
1238 1284 1343 1317 esse
1379 1268 1455 1316 hic
1492 1266 1682 1326 diutius,
1781 1254 1786 1259 ’

190 1351 340 1399 Simul
377 1350 536 1400 autem
572 1367 667 1400 non
708 1352 938 1419 manebat
973 1360 1104 1399 aetas
1141 1351 1337 1413 virginis
1745 1353 1840 1397 570

190 1433 357 1480 Meam
393 1433 776 1495 neglegentiam:
822 1434 978 1495 ipsam
1015 1448 1126 1480 cum
1162 1433 1298 1480 omni
1334 1431 1513 1479 semilia
1819 1451 1840 1489 5

189 1517 265 1563 Ad
303 1514 381 1562 me
419 1515 685 1578 profectam
722 1531 826 1563 esse
863 1517 1039 1563 aibant.
1109 1522 1216 1562 DE.
1255 1514 1388 1573 Quid
1423 1515 1489 1561 ssli
1526 1514 1624 1562 tem
1662 1514 1743 1561 diu

191 1597 388 1656 Quaeso
426 1597 570 1659 igitur
605 1597 987 1655 commorzffiare,
1026 1598 1107 1644 ubi
1147 1598 1192 1644 id
1228 1597 1507 1644 audiveras?

191 1686 300 1727 CH.
337 1677 469 1744 (with
517 1695 634 1726 some
673 1679 949 1743 corficsz‘on.)
987 1680 1072 1727 Pol
1112 1679 1189 1726 me
1226 1679 1424 1726 detinuit
1459 1679 1669 1726 mei-bus.
1739 1683 1846 1725 DE.

464 1760 641 1808 Vnde?
695 1769 775 1808 aut
812 1762 927 1823 qui?
1000 1768 1107 1808 CH.
1147 1760 1346 1823 Rogas?

195 1842 427 1890 Senectus
463 1843 567 1904 ipsa
603 1850 676 1890 est
717 1843 929 1890 merbus.
1003 1844 1236 1904 (abruptly
1272 1844 1510 1903 changz‘ng
1545 1843 1616 1889 the
1646 1841 1848 1904 subject.)

465 1925 548 1971 sed
579 1926 763 1972 venisse
799 1940 881 1972 eas
1750 1927 1848 1971 575

197 2006 360 2054 Ξειὶνέιε
397 2007 553 2054 audivi
590 2022 651 2054 ex
687 2004 833 2053 natita
870 2007 951 2068 qui
988 2007 1088 2053 illas
1125 2005 1330 2053 vexerat.
1801 2025 1850 2052 10

195 2095 302 2135 DE.
342 2087 472 2145 Quid
508 2087 656 2149 gneto
693 2089 917 2151 obtigerit
953 2103 1030 2135 me
1068 2086 1281 2145 ebsente‚
1319 2087 1542 2143 audistin,
1582 2086 1826 2135 Chreme?

198 2177 306 2217 CH.
344 2169 493 2227 Quod
529 2170 726 2232 quidem
764 2185 841 2216 me
877 2169 1057 2217 factum
1093 2169 1261 2216 censili
1297 2166 1531 2216 incertum
1567 2168 1690 2217 facit.

198 2251 327 2298 Nam
364 2251 489 2298 hanc
525 2251 868 2299 cendicionem
905 2252 946 2299 si
981 2251 1095 2314 quoi
1133 2250 1285 2298 tulero
1321 2250 1542 2309 extrerio,

199 2332 314 2391 Quo
350 2331 491 2395 pecto
527 2342 608 2380 aut
643 2334 770 2380 unde
807 2333 926 2380 mshi
961 2333 1034 2391 sit,
1063 2332 1322 2380 dicundum
1359 2331 1525 2379 erdine
1561 2341 1645 2379 est.
1752 2335 1850 2380 580

201 2415 276 2461 Te
303 2414 421 2460 mihi
446 2415 635 2462 fidelem
660 2430 766 2462 esse
791 2414 945 2477 aeque
970 2423 1113 2477 atque
1137 2422 1330 2476 egomet
1355 2411 1463 2460 stim
1488 2413 1603 2460 mihi
1803 2434 1849 2473 15

203 2496 422 2544 Scibam:
462 2497 552 2554 ille,
591 2497 630 2543 si
666 2512 744 2544 me
781 2497 963 2544 alienus
1000 2495 1208 2543 adfinem
1243 2495 1383 2552 volet,

202 2578 423 2635 Tacebit,
461 2578 575 2625 dum
611 2578 870 2626 intercedet
905 2578 1225 2626 familieritas:

206 2660 288 2706 Sin
325 2660 554 2722 spreverit
590 2674 682 2719 me,
723 2659 830 2722 pltis
866 2676 1012 2722 quam
1049 2675 1173 2723 opus
1208 2668 1277 2706 est
1314 2659 1432 2706 scite
1469 2660 1598 2717 sciet,

201 2741 450 2806 (lowerz‘ng
472 2743 546 2788 lzz's
571 2743 814 2791 voz'ceand
831 2743 1015 2804 lookz'ng
1037 2743 1191 2789 round
1200 2742 1402 2788 towards
1420 2742 1494 2787 his
1511 2740 1681 2804 house.)
1706 2741 1853 2789 Vere·

474 2823 623 2886 erque
662 2839 721 2870 ne
757 2839 880 2871 uxor
915 2822 1075 2886 eliqua
1111 2823 1204 2871 hoc
1240 2823 1461 2870 resciscet
1498 2839 1632 2870 mea:
1757 2825 1852 2871 585
