1936 3138
187 158 259 212 54
849 153 1190 200 PHORMJO.
1434 158 1468 197 Ι.
1488 158 1527 198 5.
1551 156 1627 209 [ΙΙ.
1651 156 1709 210 1.]
1730 156 1851 198 6-22.

185 287 257 353 (in
284 305 313 335 a
338 287 555 350 whzbzz'ng
582 287 714 353 lone.)
753 287 964 338 ‘Invitus
989 289 1108 338 feci:
1148 289 1226 337 lex
1254 290 1478 353 coe‘gitl?
1516 289 1854 356 (z'mpatz'enths.)

464 369 621 428 audio,
659 370 822 419 fateor.
896 377 1001 419 GE.
1038 370 1234 435 (apart.)
1270 372 1448 420 Places.

1924 0 1936 282 ἒ

1930 286 1936 338 ἰ

185 457 294 498 DE.
337 450 520 499 Verum
557 453 801 512 scientem,
841 452 1036 500 tacitum
1075 469 1270 501 causam
1306 453 1492 502 tradere
1528 453 1828 512 advorsariis,
1912 446 1936 514 '1¹

184 532 409 581 Etiamne
442 536 493 583 -id
531 535 607 581 lex
657 527 850 597 coegit?
924 541 1034 582 PH.
1073 533 1268 600 (aparl.)
1316 535 1440 583 Illud
1487 533 1675 583 durum.
1746 541 1852 583 GE.
1934 540 1936 590 j

457 615 650 679 (apart.)
686 616 795 679 Ego
833 617 1120 679 expediam:
1161 618 1274 665 sine.

184 703 292 745 DE.
331 697 575 745 Incertum
613 707 686 745 est
721 698 837 760 quid
873 714 1031 759 agam,
1059 700 1171 761 quia
1207 709 1393 761 praeter
1429 714 1565 761 spem
1595 708 1740 762 atque
1777 699 1854 745 in-

459 780 682 827 credibile
720 781 812 832 hoc
851 781 916 826 mi
954 781 1156 843 6btigit:

185 860 259 908 Ita
316 876 422 908 sum
473 862 709 919 inritatus,
767 861 983 909 animum
1035 872 1087 909 ut
1136 877 1377 925 nequeam
1425 862 1487 909 ad
1538 862 1852 924 cogitandum

458 944 709 991 instituere.
771 942 934 1006 (paces
995 933 1238 1005 z‘rrz'tably'
1271 942 1544 991 buckwards
1599 945 1700 991 and
1731 945 1850 1008 for-

459 1023 654 1088 wards.)
1668 1045 1715 1073 10
1753 1030 1850 1074 240

186 1108 523 1165 Quamobrem
560 1108 740 1164 Omnis,
772 1122 920 1168 quom
947 1104 1188 1154 secundae
1224 1122 1300 1154 res
1337 1117 1446 1154 sunt
1483 1106 1724 1166 maxume,
1748 1119 1849 1155 tum

459 1204 686 1236 maxume

190 1270 413 1317 Meditari
434 1284 599 1317 secum
620 1270 820 1331 oportet,
839 1285 936 1332 quo
957 1281 1100 1332 pacto
1117 1269 1372 1318 advorsam
1387 1270 1670 1318 aerumnam
1685 1270 1850 1318 ferant.

185 1353 384 1411 Pericla‚
422 1352 614 1410 damna,
651 1353 794 1400 exilia
830 1368 1028 1415 peregre
1066 1352 1256 1400 re'diens
1294 1369 1484 1415 semper
1518 1353 1711 1415 cogitet,

184 1437 284 1483 Aut
318 1433 387 1482 sili
422 1443 675 1497 peccatum
712 1431 793 1481 aut
828 1435 994 1482 uxoris
1031 1435 1236 1482 mortem
1274 1443 1355 1482 aut
1390 1435 1614 1482 morbum
1648 1434 1791 1492 filiae,

184 1515 479 1564 Communia
525 1533 631 1564 esse
681 1517 815 1575 haec,
859 1517 957 1564 fieri
1006 1532 1164 1580 posse,
1209 1526 1261 1564 ut
1307 1516 1369 1564 ne
1409 1516 1526 1579 quid
1573 1517 1740 1564 animo
1787 1517 1849 1564 sit

457 1614 662 1647 novom:
1667 1618 1710 1657 ¹5
1751 1603 1847 1647 245

186 1680 442 1744 Quidquid
478 1690 669 1742 praeter
706 1695 841 1743 spem
878 1679 1077 1739 eveniet,
1115 1694 1260 1728 omne
1302 1680 1352 1727 id
1388 1680 1620 1743 deputare
1655 1695 1761 1728 esse
1798 1681 1849 1727 in

424 1762 570 1811 lucro.

187 1838 298 1894 GEL
335 1839 510 1908 (upari,
546 1845 661 1891 wz'llz
694 1844 819 1892 mock
849 1842 1166 1907 admzmlion.)
1204 1843 1250 1892 O
1288 1843 1536 1902 Phaedria,
1570 1844 1848 1892 incredibile

458 1935 528 1973 est
565 1935 798 1988 quantum
833 1941 968 1973 erum
1005 1925 1203 1973 ante-eo
1241 1925 1485 1987 saplentia.

186 2007 321 2073 <wem
347 2024 376 2054 a
401 2008 661 2055 carz'calure
685 2008 747 2070 qs
759 2006 1026 2068 Demipho’s
1061 2013 1181 2054 lones
1215 2008 1316 2053 and
1332 2004 1577 2070 gestures.)
1614 2005 1848 2054 Meditata

458 2089 574 2136 mihi
627 2098 737 2136 sunt
784 2089 950 2136 omnia
997 2104 1105 2145 mea
1146 2088 1473 2146 incommoda,
1526 2102 1636 2135 erus
1685 2088 1725 2135 si
1774 2087 1846 2136 re-

459 2171 627 2218 dierit:

189 2251 479 2300 Molendum
548 2268 701 2315 usque
772 2254 820 2299 in
891 2253 1112 2315 pistrino,
1183 2249 1523 2314 vapulandum,
1594 2249 1846 2299 habendae

460 2334 735 2396 compedes,

189 2416 328 2478 Opus
366 2414 460 2462 ruri
497 2415 807 2463 faciundum:
847 2415 1022 2463 horum
1060 2415 1126 2462 nil
1162 2415 1422 2478 quicquam
1459 2413 1646 2462 accidet
1680 2415 1845 2463 animo

458 2512 653 2545 novom.
1660 2516 1712 2544 20
1748 2501 1845 2544 250

190 2578 441 2642 Quidquid
475 2588 665 2641 praeter
701 2594 836 2641 spem
872 2578 1070 2635 eveniet,
1109 2594 1256 2627 omne
1291 2578 1340 2626 id
1377 2577 1618 2640 deputabo
1653 2593 1759 2626 esse
1795 2579 1845 2625 in

458 2660 607 2707 lucro.

192 2742 285 2790 Sed
335 2741 450 2805 quid
503 2756 660 2788 cessas
708 2740 955 2789 hominem
1003 2742 1135 2789 adire
1182 2750 1228 2788 et
1280 2740 1455 2788 blande
1501 2741 1553 2788 in
1605 2740 1844 2804 principio

460 2821 690 2887 adloqui?
730 2821 995 2888 (Phaedria
1030 2822 1290 2888 advanceS.)
